00100000         249938327000106002887755001411019  0595600000000400378 UBRASP                        BANCO DO BRASIL S.A.                    10609201614112500000000000000                                                                     
00100011R01  000 2049938327000106002887755001411019  0595600000000400378 UBRASP                                                                                                        000000000000000000000000                                 
0010001300001P 010595600000000400378 0000000000000000000010 01182           1509201600000000000453300000 02A0609201611609201600000000000000000000000000000000000000000000000000000000000000000000000000000000000000000011822050000090000000000 
0010001300002Q 011000053273125853DECIO JOAO DA SILVA                     RUA JOAO AMADO COUNTINHO 8,BLOCO B - 31 TAIPAS         02815000SAO PAULO      SP0000000000000000                                        000                            
0010001300003P 010595600000000400378 0000000000000000000010 01278           1509201600000000001054800000 02A0609201611609201600000000000000000000000000000000000000000000000000000000000000000000000000000000000000000012782050000090000000000 
0010001300004Q 011000010022645888SILVANA SANTOS DA ROCHA                 RUA BERGAL, 87                          SAO JOAO CLIMAC04240090SAO PAULO      SP0000000000000000                                        000                            
0010001300005P 010595600000000400378 0000000000000000000010 01221           15092016000000001.4588400000 02A0609201611609201600000000000000000000000000000000000000000000000000000000000000000000000000000000000000000012212050000090000000000 
0010001300006Q 011000065266668849MARIA TEREZA CANDIDO                    RUA MANGUARI, 329 BL B AP 31            VL MARIA       02167080SAO PAULO      SP0000000000000000                                        000                            
0010001300007P 010595600000000400378 0000000000000000000010 01291           1509201600000000000515400000 02A0609201611609201600000000000000000000000000000000000000000000000000000000000000000000000000000000000000000012912050000090000000000 
0010001300008Q 011000005333681899TANIA CRISTINA BAPTISTA                 RUA 18 DE OUTUBRO, 279                  JD MARIA ESTELA04180030SAO PAULO      SP0000000000000000                                        000                            
0010001300009P 010595600000000400378 0000000000000000000010 01286           1509201600000000003983400000 02A0609201611609201600000000000000000000000000000000000000000000000000000000000000000000000000000000000000000012862050000090000000000 
0010001300010Q 011000053507576872TANIA APARECIDA CHAGAS SOARES           R GALEAZZO ALESSI, 70 AP 162            V MONTE ALEGRE 04305050SAO PAULO      SP0000000000000000                                        000                            
0010001300011P 010595600000000400378 0000000000000000000010 01226           1509201600000000000606500000 02A0609201611609201600000000000000000000000000000000000000000000000000000000000000000000000000000000000000000012262050000090000000000 
0010001300012Q 011000003088728865CICERO VALTER HOLANDA                   R SEURREBES , 140 A                     VL OLINDA      03380150SAO PAULO      SP0000000000000000                                        000                            
0010001300013P 010595600000000400378 0000000000000000000010 01194           1509201600000000001026000000 02A0609201611609201600000000000000000000000000000000000000000000000000000000000000000000000000000000000000000011942050000090000000000 
0010001300014Q 011000031753805813LEANDRO BATISTA DOS SANTOS              R FRANCISCO ALVES BEZERRA, 872          JD BRASIL      02228001SAO PAULO      SP0000000000000000                                        000                            
0010001300015P 010595600000000400378 0000000000000000000010 01197           1509201600000000002663000000 02A0609201611609201600000000000000000000000000000000000000000000000000000000000000000000000000000000000000000011972050000090000000000 
0010001300016Q 011000088788733653MARINIUZA ALVES DE ALMEIDA              R RUI DE MORAIS APOCALIPSE,312,BLOCO 20 JD DO TIRO     02842260SAO PAULO      SP0000000000000000                                        000                            
0010001300017P 010595600000000400378 0000000000000000000010 01239           1509201600000000002813600000 02A0609201611609201600000000000000000000000000000000000000000000000000000000000000000000000000000000000000000012392050000090000000000 
0010001300018Q 011000007573271840IARA APARECIDA DE ARRUDA                R HELENA AP SECOL, 280 B 03 AP 144      JD PALERMO     09780595S B CAMPO      SP0000000000000000                                        000                            
0010001300019P 010595600000000400378 0000000000000000000010 01186           1509201600000000001845000000 02A0609201611609201600000000000000000000000000000000000000000000000000000000000000000000000000000000000000000011862050000090000000000 
0010001300020Q 011000006348492800MARCELO CINTRA ROLIM                    RUA CARLOS DO PINHAL, 345/2002          C CEZAR        01333001SAO PAULO      SP0000000000000000                                        000                            
0010001300021P 010595600000000400378 0000000000000000000010 01180           1509201600000000002329100000 02A0609201611609201600000000000000000000000000000000000000000000000000000000000000000000000000000000000000000011802050000090000000000 
0010001300022Q 011000009470824849MARIA IGNES GARRATA MENEZES             RUA ESTADO DE ISRAEL, 435 AP 133        VL CLEMENTINO  04022900SAO PAULO      SP0000000000000000                                        000                            
0010001300023P 010595600000000400378 0000000000000000000010 01271           1509201600000000002719000000 02A0609201611609201600000000000000000000000000000000000000000000000000000000000000000000000000000000000000000012712050000090000000000 
0010001300024Q 011000001022673831JOSE ANTONIO DE ARAUJO                  ESTRADA DO SABAO, 1403 AP 68 BL 2       JD MARISTELA   02806000SAO PAULO      SP0000000000000000                                        000                            
0010001300025P 010595600000000400378 0000000000000000000010 01211           1509201600000000005363100000 02A0609201611609201600000000000000000000000000000000000000000000000000000000000000000000000000000000000000000012112050000090000000000 
0010001300026Q 011000014051162850LUIZ VANDERLEI DE LIMA                  RUA MARANHAO, 111 APTO 8                STO ANTONIO    09541000SAO C SUL      SP0000000000000000                                        000                            
0010001300027P 010595600000000400378 0000000000000000000010 01290           1509201600000000006155400000 02A0609201611609201600000000000000000000000000000000000000000000000000000000000000000000000000000000000000000012902050000090000000000 
0010001300028Q 011000087157470853NEUSA MARIA DE O B FERNANDES            RUA AMAIBA,111                          PARADA INGLESA 02307140SAO PAULO      SP0000000000000000                                        000                            
0010001300029P 010595600000000400378 0000000000000000000010 01259           1509201600000000001845000000 02A0609201611609201600000000000000000000000000000000000000000000000000000000000000000000000000000000000000000012592050000090000000000 
0010001300030Q 011000008695983846JOAO HENRIQUE  TENORIO JUNIOR           R DR ANGELO VITA,112 APTO 154           TATUAPE        03069000SAO PAULO      SP0000000000000000                                        000                            
0010001300031P 010595600000000400378 0000000000000000000010 01303           1509201600000000000649100000 02A0609201611609201600000000000000000000000000000000000000000000000000000000000000000000000000000000000000000013032050000090000000000 
0010001300032Q 011000012526032822DULCINEIA BARBOSA GARCIA                AV ARMANDO BEI, 401 AP 44 BL 1          CI NV BONSUCESO07175000GUARULHOS      SP0000000000000000                                        000                            
0010001300033P 010595600000000400378 0000000000000000000010 01288           1509201600000000001461100000 02A0609201611609201600000000000000000000000000000000000000000000000000000000000000000000000000000000000000000012882050000090000000000 
0010001300034Q 011000000340639865ROSALINA FATIMA SILVA SILVEIRA          AV LAZAR SEGAL, 373                     IMIRIM         02543010SAO PAULO      SP0000000000000000                                        000                            
0010001300035P 010595600000000400378 0000000000000000000010 01170           1509201600000000002329100000 02A0609201611609201600000000000000000000000000000000000000000000000000000000000000000000000000000000000000000011702050000090000000000 
0010001300036Q 011000003599914834JANETE KRENTZENSTEIN                    R ROQUE DE MORAES,331 AP 11             B LIMAO        02721031SAO PAULO      SP0000000000000000                                        000                            
0010001300037P 010595600000000400378 0000000000000000000010 01294           1509201600000000000694000000 02A0609201611609201600000000000000000000000000000000000000000000000000000000000000000000000000000000000000000012942050000090000000000 
0010001300038Q 011000020393191826EMERSON JOSE FERRADOSA DE SOUZA         R ARTHUR BERNARDES 247                  VL INVERNADA   03490000SAO PAULO      SP0000000000000000                                        000                            
0010001300039P 010595600000000400378 0000000000000000000010 01198           1509201600000000001974500000 02A0609201611609201600000000000000000000000000000000000000000000000000000000000000000000000000000000000000000011982050000090000000000 
0010001300040Q 011000016298695893MARIA GUACIRA FLORES CORREIA            R ANTONIO MARIA DE BARROS, 104          FREGUESIA DO O 02729050SAO PAULO      SP0000000000000000                                        000                            
0010001300041P 010595600000000400378 0000000000000000000010 01298           1509201600000000000506300000 02A0609201611609201600000000000000000000000000000000000000000000000000000000000000000000000000000000000000000012982050000090000000000 
0010001300042Q 011000013074770899MARCELO MOURA DE CAMPOS                 RUA MONSENHOR MANOEL GOMES, 261         PIRITUBA       02975120SAO PAULO      SP0000000000000000                                        000                            
0010001300043P 010595600000000400378 0000000000000000000010 01270           1509201600000000006711000000 02A0609201611609201600000000000000000000000000000000000000000000000000000000000000000000000000000000000000000012702050000090000000000 
0010001300044Q 011000008192555801MARIA ANUNCIADA LOPES                   R MANOEL ALVES DOS SANTOS 233           JD LIDIA       05862230SAO PAULO      SP0000000000000000                                        000                            
0010001300045P 010595600000000400378 0000000000000000000010 01224           1509201600000000001026000000 02A0609201611609201600000000000000000000000000000000000000000000000000000000000000000000000000000000000000000012242050000090000000000 
0010001300046Q 011000087491591868SONIA MARIA EDWIRGES                    AV NICOLAU JACINTO, 685 BL 05 AP 43     A E CARVALHO   03687010SAO PAULO      SP0000000000000000                                        000                            
0010001300047P 010595600000000400378 0000000000000000000010 01217           1509201600000000000905700000 02A0609201611609201600000000000000000000000000000000000000000000000000000000000000000000000000000000000000000012172050000090000000000 
0010001300048Q 011000014039227808ALEXANDRA PEREIRA                       RUA BALACLAVA, 871                      J STO ALBERTO  09260440STO ANDRE      SP0000000000000000                                        000                            
0010001300049P 010595600000000400378 0000000000000000000010 01265           1509201600000000002316100000 02A0609201611609201600000000000000000000000000000000000000000000000000000000000000000000000000000000000000000012652050000090000000000 
0010001300050Q 011000007250788809JOSIANE CAPUCHO SILVA                   RUA LATERAL, 374                        V NOVA IORQUE  03479000SAO PAULO      SP0000000000000000                                        000                            
0010001300051P 010595600000000400378 0000000000000000000010 01299           1509201600000000001766600000 02A0609201611609201600000000000000000000000000000000000000000000000000000000000000000000000000000000000000000012992050000090000000000 
0010001300052Q 011000001470170841SONIA DE OLIVEIRA B CALIXTER            RUA DAS SERINGUEIRAS, 373 AP 74         JABAQUARA      04321070SAO PAULO      SP0000000000000000                                        000                            
0010001300053P 010595600000000400378 0000000000000000000010 01269           1509201600000000000606500000 02A0609201611609201600000000000000000000000000000000000000000000000000000000000000000000000000000000000000000012692050000090000000000 
0010001300054Q 011000000811396835CONCEICAO APARECIDA DOS SANTOS          RUA SANHACU 664                         PQ RISO II     06704712COTIA          SP0000000000000000                                        000                            
0010001300055P 010595600000000400378 0000000000000000000010 01201           1509201600000000000503400000 02A0609201611609201600000000000000000000000000000000000000000000000000000000000000000000000000000000000000000012012050000090000000000 
0010001300056Q 011000034002036880VERONICA GONCALVES DOS SANTOS           R EVANGELISTA DE SOUSA, 1264 AP 02      PQ NOV ORATORIO09226410SANTO ANDRE    SP0000000000000000                                        000                            
0010001300057P 010595600000000400378 0000000000000000000010 01276           1509201600000000000821200000 02A0609201611609201600000000000000000000000000000000000000000000000000000000000000000000000000000000000000000012762050000090000000000 
0010001300058Q 011000018309688822MARISTELA HEREDIA                       R PADRE ANTONIO DE SOUZA LIMA, 170      VL EURO        09810170S B DO CAMPO   SP0000000000000000                                        000                            
0010001300059P 010595600000000400378 0000000000000000000010 01247           1509201600000000001460600000 02A0609201611609201600000000000000000000000000000000000000000000000000000000000000000000000000000000000000000012472050000090000000000 
0010001300060Q 011000014013454840PATRICIA REGIANE DAS NEVES              AV MOINHO FABRINE, 1262                 VL COCA        09862000S B DO CAMPO   SP0000000000000000                                        000                            
0010001300061P 010595600000000400378 0000000000000000000010 01218           1509201600000000005419300000 02A0609201611609201600000000000000000000000000000000000000000000000000000000000000000000000000000000000000000012182050000090000000000 
0010001300062Q 011000003630357881ELY MATOS                               R MARIA MARI,88                         JD MONTE ALEGRE06755390T  DA SERRA    SP0000000000000000                                        000                            
0010001300063P 010595600000000400378 0000000000000000000010 01317           1509201600000000002360300000 02A0609201611609201600000000000000000000000000000000000000000000000000000000000000000000000000000000000000000013172050000090000000000 
0010001300064Q 011000097590223468JACI DE SOUZA E SILVA                   R IGNACIO MANOEL ALTAMIRANO,85          JD SABIA       04856555SAO PAULO      SP0000000000000000                                        000                            
0010001300065P 010595600000000400378 0000000000000000000010 01240           1509201600000000001845000000 02A0609201611609201600000000000000000000000000000000000000000000000000000000000000000000000000000000000000000012402050000090000000000 
0010001300066Q 011000007271790802DENISE FERNANDES FACINA                 RUA ITU, 33 AP 33 BL B                  BAETA NEVES    09751040SAO B DO CAMPO SP0000000000000000                                        000                            
0010001300067P 010595600000000400378 0000000000000000000010 01193           1509201600000000002342000000 02A0609201611609201600000000000000000000000000000000000000000000000000000000000000000000000000000000000000000011932050000090000000000 
0010001300068Q 011000017232866801ADRIANA BERNARDINO DE CARVALHO          RUA LUIZ CASA 80 BLOCO 3A APTO 34       PQ ESPACIAL    09812140S B DO CAMPO   SP0000000000000000                                        000                            
0010001300069P 010595600000000400378 0000000000000000000010 01281           1509201600000000001045200000 02A0609201611609201600000000000000000000000000000000000000000000000000000000000000000000000000000000000000000012812050000090000000000 
0010001300070Q 011000018035780840SONIA APARECIDA DOS SANTOS              R PROGRESSO, 170                        VL AURORA      09780130S B DO CAMPO   SP0000000000000000                                        000                            
0010001300071P 010595600000000400378 0000000000000000000010 01203           1509201600000000000503400000 02A0609201611609201600000000000000000000000000000000000000000000000000000000000000000000000000000000000000000012032050000090000000000 
0010001300072Q 011000030760820864CAMILA SANTOS TEODORO                   RUA CAMPO SANTO, 379 BL 3 APTO 41       PQ DAS NACOES  09280195SANTO ANDRE    SP0000000000000000                                        000                            
0010001300073P 010595600000000400378 0000000000000000000010 01176           1509201600000000002329100000 02A0609201611609201600000000000000000000000000000000000000000000000000000000000000000000000000000000000000000011762050000090000000000 
0010001300074Q 011000005589720800EMILIA EMIRENE NOGUEIRA                 RUA LEANDRO DUPRET, 662 AP 31           VL CLEMENTINO  04025013SAO PAULO      SP0000000000000000                                        000                            
0010001300075P 010595600000000400378 0000000000000000000010 01222           1509201600000000003188200000 02A0609201611609201600000000000000000000000000000000000000000000000000000000000000000000000000000000000000000012222050000090000000000 
0010001300076Q 011000082858195820JOAQUIM DAS CHAGAS SOARES NETO          AV CEL JOSE PIRES DE ANDRADE 646,182    VL ELISIO      04295001SAO PAULO      SP0000000000000000                                        000                            
0010001300077P 010595600000000400378 0000000000000000000010 01238           1509201600000000003781200000 02A0609201611609201600000000000000000000000000000000000000000000000000000000000000000000000000000000000000000012382050000090000000000 
0010001300078Q 011000003338176805GEREMIAS FILOMENO DE FARIAS             ESTR DAS CABREUVAL, 280                 CH STA MARIA   06856860ITAP DA SERRA  SP0000000000000000                                        000                            
0010001300079P 010595600000000400378 0000000000000000000010 01249           1509201600000000002784600000 02A0609201611609201600000000000000000000000000000000000000000000000000000000000000000000000000000000000000000012492050000090000000000 
0010001300080Q 011000006470787835JOSE ALTAMIRO NUNES DA SILVA            AV MARIA HELENA, 32 CASA 04             JD DINARAH     06703100COTIA          SP0000000000000000                                        000                            
0010001300081P 010595600000000400378 0000000000000000000010 01223           1509201600000000002329100000 02A0609201611609201600000000000000000000000000000000000000000000000000000000000000000000000000000000000000000012232050000090000000000 
0010001300082Q 011000084687231853CLEUSA DE MIRANDA CAOBIANCO             R TEIXEIRA DA SILVA, 363 AP 11          PARAISO        04002031SAO PAULO      SP0000000000000000                                        000                            
0010001300083P 010595600000000400378 0000000000000000000010 01183           1509201600000000000959900000 02A0609201611609201600000000000000000000000000000000000000000000000000000000000000000000000000000000000000000011832050000090000000000 
0010001300084Q 011000012968456806EDNA MIRANDA BARRETO SANTOS             EST DOS GUATAMBUS, 52                   ITAPECERICA SER06857820SAO PAULO      SP0000000000000000                                        000                            
0010001300085P 010595600000000400378 0000000000000000000010 01272           1509201600000000000669100000 02A0609201611609201600000000000000000000000000000000000000000000000000000000000000000000000000000000000000000012722050000090000000000 
0010001300086Q 011000006348363821BERNADETE L DE SOUSA PASCHUETTO         R WESCESLAU RICHTER, 23 A AP 401        JD IRAJA       09781280S B DO CAMPO   SP0000000000000000                                        000                            
0010001300087P 010595600000000400378 0000000000000000000010 01309           1509201600000000000649100000 02A0609201611609201600000000000000000000000000000000000000000000000000000000000000000000000000000000000000000013092050000090000000000 
0010001300088Q 011000030500537801CLAUDIA SOUSA DA SILVA                  RUA DESCALVADO, 80                      VL FRAN MATARAZ09241210STO ANDRE      SP0000000000000000                                        000                            
0010001300089P 010595600000000400378 0000000000000000000010 01256           1509201600000000001794300000 02A0609201611609201600000000000000000000000000000000000000000000000000000000000000000000000000000000000000000012562050000090000000000 
0010001300090Q 011000010081975805EMPEDOCLES DOMINGOS DA SILVA            AV GEOVANI GRONCHI, 6675 PQ BRASIL,AP17 VLA ANDRADE    05724902SAO PAULO      SP0000000000000000                                        000                            
0010001300091P 010595600000000400378 0000000000000000000010 01289           1509201600000000009420300000 02A0609201611609201600000000000000000000000000000000000000000000000000000000000000000000000000000000000000000012892050000090000000000 
0010001300092Q 011000006388831800FLORALICE DO CARMO N SILVA              RUA ZEUS, 224                           JD ADELINO     06702115COTIA          SP0000000000000000                                        000                            
0010001300093P 010595600000000400378 0000000000000000000010 01192           1509201600000000002285000000 02A0609201611609201600000000000000000000000000000000000000000000000000000000000000000000000000000000000000000011922050000090000000000 
0010001300094Q 011000013997663840JANIRA CARNEIRO DA SILVA                RUA VICTORIO NATAL GASTAURO, 116        JD PALERMA     09780425SAO B DO CAMPO SP0000000000000000                                        000                            
0010001300095P 010595600000000400378 0000000000000000000010 01220           1509201600000000002329100000 02A0609201611609201600000000000000000000000000000000000000000000000000000000000000000000000000000000000000000012202050000090000000000 
0010001300096Q 011000056186010872MARIA CECILIA ROCHA SOLERA              R PAULISTANIA, 413 AP 04                SUMAREZINHO    05440000SAO PAULO      SP0000000000000000                                        000                            
0010001300097P 010595600000000400378 0000000000000000000010 01208           1509201600000000002963500000 02A0609201611609201600000000000000000000000000000000000000000000000000000000000000000000000000000000000000000012082050000090000000000 
0010001300098Q 011000007998259809CARLOS ALBERTO DE CAMPOS                R FERNANDO COSTA 322                    PQ GERASSI     09120305SANTO ANDRE    SP0000000000000000                                        000                            
0010001300099P 010595600000000400378 0000000000000000000010 01196           1509201600000000001091000000 02A0609201611609201600000000000000000000000000000000000000000000000000000000000000000000000000000000000000000011962050000090000000000 
0010001300100Q 011000000383259851ELISABETE MARTINES LOPES                RUA DAS ORQUIDEAS, 239 BL 02 AP 21      VL MARCHI      09810390S B CAMPO      SP0000000000000000                                        000                            
0010001300101P 010595600000000400378 0000000000000000000010 01295           1509201600000000000385600000 02A0609201611609201600000000000000000000000000000000000000000000000000000000000000000000000000000000000000000012952050000090000000000 
0010001300102Q 011000016173912805SILVIO CUSTODIO                         R DR CINCINATO BRAGA, 691 BL 02,54      PLANALTO       09890300SAO B DO CAMPO SP0000000000000000                                        000                            
0010001300103P 010595600000000400378 0000000000000000000010 01209           1509201600000000001167800000 02A0609201611609201600000000000000000000000000000000000000000000000000000000000000000000000000000000000000000012092050000090000000000 
0010001300104Q 011000005530538843REGINA CELIA DA SILVA CARVALHO          EST DOUGLAS W GOMES DE ARAUJO, 35       JD BOM SUCESSO 06335140CARAPICUIBA    SP0000000000000000                                        000                            
0010001300105P 010595600000000400378 0000000000000000000010 01260           1509201600000000000821200000 02A0609201611609201600000000000000000000000000000000000000000000000000000000000000000000000000000000000000000012602050000090000000000 
0010001300106Q 011000004410407805EDILEUZA IZABEL ZANETTI SOUSA           RUA DAS ANTAS, 10 AP 52 BL 01           SITIO ORATORIO 03978470SAO PAULO      SP0000000000000000                                        000                            
0010001300107P 010595600000000400378 0000000000000000000010 01275           1509201600000000001845000000 02A0609201611609201600000000000000000000000000000000000000000000000000000000000000000000000000000000000000000012752050000090000000000 
0010001300108Q 011000004889769870UBALDO REGIS PEROSSI CARRADO            R RELOGIO DO SOL, 147                   LAPA           05065080SAO PAULO      SP0000000000000000                                        000                            
0010001300109P 010595600000000400378 0000000000000000000010 01252           1509201600000000001167800000 02A0609201611609201600000000000000000000000000000000000000000000000000000000000000000000000000000000000000000012522050000090000000000 
0010001300110Q 011000008009875864ELZA FELIX DOS SANTOS                   RUA GREGORIO DE MATOS GUERRA, 76        BAIRRO CASAS   09850040SAO B DO CAMPO SP0000000000000000                                        000                            
0010001300111P 010595600000000400378 0000000000000000000010 01200           1509201600000000000588200000 02A0609201611609201600000000000000000000000000000000000000000000000000000000000000000000000000000000000000000012002050000090000000000 
0010001300112Q 011000025999769876CLAUDIA VIEIRA MOTA                     R TELEMENEZES 117                       JD SILVINIA    09791160SAO B DO CAMPO SP0000000000000000                                        000                            
0010001300113P 010595600000000400378 0000000000000000000010 01302           1509201600000000001045200000 02A0609201611609201600000000000000000000000000000000000000000000000000000000000000000000000000000000000000000013022050000090000000000 
0010001300114Q 011000011111111111JOSE CARLOS ALVES DA SILVA              ESTRADA SAO FRANCISCO, 1668 AP,BLOCO 02 JD ENRIQUETA   06764290TABOAO DA SERRASP0000000000000000                                        000                            
0010001300115P 010595600000000400378 0000000000000000000010 01234           1509201600000000003115800000 02A0609201611609201600000000000000000000000000000000000000000000000000000000000000000000000000000000000000000012342050000090000000000 
0010001300116Q 011000005773898829MARIA APARECIDA MAZAIA                  TRAV ITAPOLIS, 16                       V F MATARAZZO  09240550STO ANDRE      SP0000000000000000                                        000                            
0010001300117P 010595600000000400378 0000000000000000000010 01262           1509201600000000001167800000 02A0609201611609201600000000000000000000000000000000000000000000000000000000000000000000000000000000000000000012622050000090000000000 
0010001300118Q 011000009256803895VERA ALICE DE LIMA                      RUA GIUSEPPE ULIANI, S/N CASA 206       JD QUATRO MARIA09820160SAO B DO CAMPO SP0000000000000000                                        000                            
0010001300119P 010595600000000400378 0000000000000000000010 01213           1509201600000000000798600000 02A0609201611609201600000000000000000000000000000000000000000000000000000000000000000000000000000000000000000012132050000090000000000 
0010001300120Q 011000003972814801MARIA CLARETE LOPES DA SILVA            R SAO SEVERO, 677                       VL RE          03666000SAO PAULO      SP0000000000000000                                        000                            
0010001300121P 010595600000000400378 0000000000000000000010 01168           1509201600000000000536000000 02A0609201611609201600000000000000000000000000000000000000000000000000000000000000000000000000000000000000000011682050000090000000000 
0010001300122Q 011000015639490837LUCIANO DE LIMA DOS SANTOS              RUA MIGUEL GALINDO NAVARRO437 CASA7     JD ARAGUAIA    09371335MAUA           SP0000000000000000                                        000                            
0010001300123P 010595600000000400378 0000000000000000000010 01287           1509201600000000000649200000 02A0609201611609201600000000000000000000000000000000000000000000000000000000000000000000000000000000000000000012872050000090000000000 
0010001300124Q 011000007411862843JOSELIO OLIVEIRA SANTOS                 R ANTONIO RAPOSSO BARRETO, 31 BL 04,32  JD DAS FLORES  04904170SAO PAULO      SP0000000000000000                                        000                            
0010001300125P 010595600000000400378 0000000000000000000010 01261           1509201600000000003036400000 02A0609201611609201600000000000000000000000000000000000000000000000000000000000000000000000000000000000000000012612050000090000000000 
0010001300126Q 011000008647742818FATIMA A F GIANCATERINO                 R BRASILIO MACHADO, 173 AP62 6ANDAR     CENTRO         09715140SAO B DO CAMPO SP0000000000000000                                        000                            
0010001300127P 010595600000000400378 0000000000000000000010 01274           1509201600000000001845000000 02A0609201611609201600000000000000000000000000000000000000000000000000000000000000000000000000000000000000000012742050000090000000000 
0010001300128Q 011000005539961854MARIA APARECIDA MALTA                   R ACUCENA, 1017                         JD DAS FLORES  06110160OSASCO         SP0000000000000000                                        000                            
0010001300129P 010595600000000400378 0000000000000000000010 01268           1509201600000000002394900000 02A0609201611609201600000000000000000000000000000000000000000000000000000000000000000000000000000000000000000012682050000090000000000 
0010001300130Q 011000000638945801FRANCISCA ALEXANDRE DE FARIAS           R JOAO PASSOS, 175                      VL CALDAS      06315060CARAPICUIBA    SP0000000000000000                                        000                            
0010001300131P 010595600000000400378 0000000000000000000010 01229           1509201600000000003983400000 02A0609201611609201600000000000000000000000000000000000000000000000000000000000000000000000000000000000000000012292050000090000000000 
0010001300132Q 011000082913692834JOSE RUBENS QUADRADO                    AV BRIG MANOEL R JORDAO, 347            JD SILVEIRA    06433010BARUERI        SP0000000000000000                                        000                            
0010001300133P 010595600000000400378 0000000000000000000010 01189           1509201600000000000358100000 02A0609201611609201600000000000000000000000000000000000000000000000000000000000000000000000000000000000000000011892050000090000000000 
0010001300134Q 011000027181919881VANDERLEI FLORENTINO DE LIMA            R JOSUE DE CASTRO, 538                  JD DAS PALMAS  09854050SAO B DO CAMPO SP0000000000000000                                        000                            
0010001300135P 010595600000000400378 0000000000000000000010 01304           1509201600000000001323300000 02A0609201611609201600000000000000000000000000000000000000000000000000000000000000000000000000000000000000000013042050000090000000000 
0010001300136Q 011000014626502873ROSELI CRISTINA MARTINS                 AV SARA LIRLIS, 222 BL 05 AP 1001       VL GESTOMAR    09130220STO ANDRE      SP0000000000000000                                        000                            
0010001300137P 010595600000000400378 0000000000000000000010 01241           15092016000000001.0524100000 02A0609201611609201600000000000000000000000000000000000000000000000000000000000000000000000000000000000000000012412050000090000000000 
0010001300138Q 011000078476984804AILTON APARECIDO ROSSINI                R MIN NELSON HUNGRIA, 326 C 21          JD DO LAGO     09840670SAO B DO CAMPO SP0000000000000000                                        000                            
0010001300139P 010595600000000400378 0000000000000000000010 01319           1509201600000000002169600000 02A0609201611609201600000000000000000000000000000000000000000000000000000000000000000000000000000000000000000013192050000090000000000 
0010001300140Q 011000016102175867ANA PAULA BARBOSA SOUZA                 AV DR ALBERTO JACKSON BRI,BLOCO 04 - 24 VL MENK        06273050OSASCO         SP0000000000000000                                        000                            
0010001300141P 010595600000000400378 0000000000000000000010 01173           1509201600000000000385600000 02A0609201611609201600000000000000000000000000000000000000000000000000000000000000000000000000000000000000000011732050000090000000000 
0010001300142Q 011000025625236879MARCELO DE OLIVEIRA BONETTI             R CARLOS MARIGUELA, 352                 JD TEREZA      02875000SAO PAULO      SP0000000000000000                                        000                            
0010001300143P 010595600000000400378 0000000000000000000010 01233           1509201600000000004292900000 02A0609201611609201600000000000000000000000000000000000000000000000000000000000000000000000000000000000000000012332050000090000000000 
0010001300144Q 011000001121330886MARIA LUCIA DE FATIMA                   R DR.IGNACIO PROENCA DE GOUVEIA,911     CASA VERDE     02534010SAO PAULO      SP0000000000000000                                        000                            
0010001300145P 010595600000000400378 0000000000000000000010 01190           1509201600000000001176400000 02A0609201611609201600000000000000000000000000000000000000000000000000000000000000000000000000000000000000000011902050000090000000000 
0010001300146Q 011000021442382864ADRIANA CRISTINA BOLDRIN                R PAPA PAULO VI, 200 AP 43 ED SANTO     JD IRAJA       09781250SAO B DO CAMPO SP0000000000000000                                        000                            
0010001300147P 010595600000000400378 0000000000000000000010 01162           1509201600000000001615000000 02A0609201611609201600000000000000000000000000000000000000000000000000000000000000000000000000000000000000000011622050000090000000000 
0010001300148Q 011000009737924851VERA LOPES DA SILVA                     R EMILIO RIBAS, 210                     L APIAL        09185380STO ANDRE      SP0000000000000000                                        000                            
0010001300149P 010595600000000400378 0000000000000000000010 01296           1509201600000000003671000000 02A0609201611609201600000000000000000000000000000000000000000000000000000000000000000000000000000000000000000012962050000090000000000 
0010001300150Q 011000025790828833MARIA DE FATIMA A P MENDRIGO            AV JOSE ESTEVAS DE MAGALHA,BLOCO 51 - B JABAQUARA      04332050SAO PAULO      SP0000000000000000                                        000                            
0010001300151P 010595600000000400378 0000000000000000000010 01185           1509201600000000003024700000 02A0609201611609201600000000000000000000000000000000000000000000000000000000000000000000000000000000000000000011852050000090000000000 
0010001300152Q 011000019241729848ELAINE MIRANDA ZEFERINO                 RUA PATRICIA GALVAO, 20                 POR DO SOL     09951496DIADEMA        SP0000000000000000                                        000                            
0010001300153P 010595600000000400378 0000000000000000000010 01243           1509201600000000000798300000 02A0609201611609201600000000000000000000000000000000000000000000000000000000000000000000000000000000000000000012432050000090000000000 
0010001300154Q 011000011238251811VERA APARECIDA DAMACENO                 R MARIA JOANA ROSA , 96                 JD DE ABRIL    06040040OSASCO         SP0000000000000000                                        000                            
0010001300155P 010595600000000400378 0000000000000000000010 01191           1509201600000000001815400000 02A0609201611609201600000000000000000000000000000000000000000000000000000000000000000000000000000000000000000011912050000090000000000 
0010001300156Q 011000008368028884CLAUDIO DOMINGUES                       ESTRADA DE ITAPECERICA, 1528 AP,BLOCO 1 ITAPECERICA    05835004ITAPEC DA SERRASP0000000000000000                                        000                            
0010001300157P 010595600000000400378 0000000000000000000010 01277           1509201600000000001196700000 02A0609201611609201600000000000000000000000000000000000000000000000000000000000000000000000000000000000000000012772050000090000000000 
0010001300158Q 011000011963826892NADIR CRISTINA DA SILVA                 R DIOGO BOTELHO, 80                     JD ALBA CASA GR09963060DIADEMA        SP0000000000000000                                        000                            
0010001300159P 010595600000000400378 0000000000000000000010 01242           1509201600000000001615000000 02A0609201611609201600000000000000000000000000000000000000000000000000000000000000000000000000000000000000000012422050000090000000000 
0010001300160Q 011000008209168894MARIA DE FATIMA DOS SANTOS              R NICOLAU SINGER, 27                    DEMARCHE       09820310S B CAMPO      SP0000000000000000                                        000                            
0010001300161P 010595600000000400378 0000000000000000000010 01255           1509201600000000001045400000 02A0609201611609201600000000000000000000000000000000000000000000000000000000000000000000000000000000000000000012552050000090000000000 
0010001300162Q 011000006554238859LILIANE CRISTINE ROSA                   R JOSE PALOMINO, 53                     VILA SILVIA    03280020SAO PAULO      SP0000000000000000                                        000                            
0010001300163P 010595600000000400378 0000000000000000000010 01216           1509201600000000002216000000 02A0609201611609201600000000000000000000000000000000000000000000000000000000000000000000000000000000000000000012162050000090000000000 
0010001300164Q 011000029020905872ELIZABETH MYRIAM TEIXEIRA DA COSTA      R APARECIDA TEODORO DE CARVALHO, 20     JACANA         02273020SAO PAULO      SP0000000000000000                                        000                            
0010001300165P 010595600000000400378 0000000000000000000010 01179           1509201600000000000680600000 02A0609201611609201600000000000000000000000000000000000000000000000000000000000000000000000000000000000000000011792050000090000000000 
0010001300166Q 011000018476130805ED CARLOS FERREIRA LIMA                 RUA PROF ANTONIO AUFTREGE,BLOCO CS - 15 PQ STO ANTONIO 05867000SAO PAULO      SP0000000000000000                                        000                            
0010001300167P 010595600000000400378 0000000000000000000010 01244           1509201600000000001745600000 02A0609201611609201600000000000000000000000000000000000000000000000000000000000000000000000000000000000000000012442050000090000000000 
0010001300168Q 011000005814188839SERGIO PINTO DE BARROS                  RUA BARIRI, 423 AP 07                   PQ PARAISO     06850430ITA SERRA      SP0000000000000000                                        000                            
0010001300169P 010595600000000400378 0000000000000000000010 01283           1509201600000000001821100000 02A0609201611609201600000000000000000000000000000000000000000000000000000000000000000000000000000000000000000012832050000090000000000 
0010001300170Q 011000038436103807NEUSA DAS GRACAS MARTINS                R ALEXANDRE RAPIN, 23 AP 92             JD CELESTE     04195110SAO PAULO      SP0000000000000000                                        000                            
0010001300171P 010595600000000400378 0000000000000000000010 01210           1509201600000000002329100000 02A0609201611609201600000000000000000000000000000000000000000000000000000000000000000000000000000000000000000012102050000090000000000 
0010001300172Q 011000022266895834LEOPOLDINA DE ALMEIDA COUTO             R PRESIDENTE DUTRA, 36 AP 27            VL EUCLIDES    09725530SAO B DO CAMPO SP0000000000000000                                        000                            
0010001300173P 010595600000000400378 0000000000000000000010 01300           1509201600000000002087200000 02A0609201611609201600000000000000000000000000000000000000000000000000000000000000000000000000000000000000000013002050000090000000000 
0010001300174Q 011000016750762867CLEITON CARLOS                          AV JOSE ODORIZZI, 2471 B8 AP 22         ASSUNCAO       09861001SAO B CAMPO    SP0000000000000000                                        000                            
0010001300175P 010595600000000400378 0000000000000000000010 01204           1509201600000000001803900000 02A0609201611609201600000000000000000000000000000000000000000000000000000000000000000000000000000000000000000012042050000090000000000 
0010001300176Q 011000010066972841IOLANDA GERMANO DOS SANTOS              R ANITA MAFALTTI, 383                   HORIZONTALPARQE06710805COTIA          SP0000000000000000                                        000                            
0010001300177P 010595600000000400378 0000000000000000000010 01206           1509201600000000002832000000 02A0609201611609201600000000000000000000000000000000000000000000000000000000000000000000000000000000000000000012062050000090000000000 
0010001300178Q 011000014509790848JOSE ROBERTO PIRES BARBOZA              VIELA ANTONIO MENDES SOBRINHO, 28,CS 2  JUQUITIBA      06950000SAO PAULO      SP0000000000000000                                        000                            
0010001300179P 010595600000000400378 0000000000000000000010 01312           1509201600000000001209600000 02A0609201611609201600000000000000000000000000000000000000000000000000000000000000000000000000000000000000000013122050000090000000000 
0010001300180Q 011000014906504825DIONISIO LEITE RIBEIRO                  R ENI ALVES SOUZA LEITE, 51             JD STA MARGARID11111111SAO PAULO      SP0000000000000000                                        000                            
0010001300181P 010595600000000400378 0000000000000000000010 01174           1509201600000000001167800000 02A0609201611609201600000000000000000000000000000000000000000000000000000000000000000000000000000000000000000011742050000090000000000 
0010001300182Q 011000026655583861MARIA HELENA FERREIRA COSTA             R EDUARDO LOBO, 194                     PQ IMPERIAL    04302090SAO PAULO      SP0000000000000000                                        000                            
0010001300183P 010595600000000400378 0000000000000000000010 01188           1509201600000000000694000000 02A0609201611609201600000000000000000000000000000000000000000000000000000000000000000000000000000000000000000011882050000090000000000 
0010001300184Q 011000026039111801REGIS ELOY LOPES DE OLIVEIRA            R PAPA PAULO VI, 200 AP 43              JD IRAJA       09781250SAO B DO CAMPO SP0000000000000000                                        000                            
0010001300185P 010595600000000400378 0000000000000000000010 01285           1509201600000000001223200000 02A0609201611609201600000000000000000000000000000000000000000000000000000000000000000000000000000000000000000012852050000090000000000 
0010001300186Q 011000001154017842ZILDA MARIA DA ROCHA DE MOURA           R PROF TOMAZ DE AQUINO, 403             IPIRANGA       04118010SAO PAULO      SP0000000000000000                                        000                            
0010001300187P 010595600000000400378 0000000000000000000010 01297           1509201600000000001522200000 02A0609201611609201600000000000000000000000000000000000000000000000000000000000000000000000000000000000000000012972050000090000000000 
0010001300188Q 011000025134977836GLORIA ALVES DE SOUZA                   R ROLANDO GAMBINI, 56                   ASSUNCAO       09811130SAO B DO CAMPO SP0000000000000000                                        000                            
0010001300189P 010595600000000400378 0000000000000000000010 01273           1509201600000000001040800000 02A0609201611609201600000000000000000000000000000000000000000000000000000000000000000000000000000000000000000012732050000090000000000 
0010001300190Q 011000011971288837MARCOS APARECIDO MORGON                 R TIRADENTES, 1933 B 06 AP 14           JD IRAJA       09781220SAO B DO CAMPO SP0000000000000000                                        000                            
0010001300191P 010595600000000400378 0000000000000000000010 01227           1509201600000000001845000000 02A0609201611609201600000000000000000000000000000000000000000000000000000000000000000000000000000000000000000012272050000090000000000 
0010001300192Q 011000004916195884LUCIA HELENA MARTINEZ                   R FREDERICO VON MARTIUS, 255 AP 91      V MONUMENTO    01548010SAO PAULO      SP0000000000000000                                        000                            
0010001300193P 010595600000000400378 0000000000000000000010 01172           1509201600000000001045400000 02A0609201611609201600000000000000000000000000000000000000000000000000000000000000000000000000000000000000000011722050000090000000000 
0010001300194Q 011000012522543857MARIA NOELY DE ALMEIDA SALES            R POTI, 10                              JD CRISPIM     06866180ITAP SERRA     SP0000000000000000                                        000                            
0010001300195P 010595600000000400378 0000000000000000000010 01308           1509201600000000000385600000 02A0609201611609201600000000000000000000000000000000000000000000000000000000000000000000000000000000000000000013082050000090000000000 
0010001300196Q 011000025448572855ANA CLAUDIA DA CUNHA RIBEIRO            RUA ADOLFO, 286 AP 31B                  JD CELESTE     04195070SAO PAULO      SP0000000000000000                                        000                            
0010001300197P 010595600000000400378 0000000000000000000010 01293           1509201600000000002332600000 02A0609201611609201600000000000000000000000000000000000000000000000000000000000000000000000000000000000000000012932050000090000000000 
0010001300198Q 011000017858866818VALQUIRIA APARECIDA DA SILVA            RUA VITORIO CHIAROTT, 203               JD MAUA        09340350MAUA           SP0000000000000000                                        000                            
0010001300199P 010595600000000400378 0000000000000000000010 01202           1509201600000000001398800000 02A0609201611609201600000000000000000000000000000000000000000000000000000000000000000000000000000000000000000012022050000090000000000 
0010001300200Q 011000025080704837ERICA MARSON MACHADO                    R TIRADENTES, 1933 AP 22 BL 8           STA TEREZINHA  09781220SAO B DO CAMPO SP0000000000000000                                        000                            
0010001300201P 010595600000000400378 0000000000000000000010 01184           1509201600000000001522000000 02A0609201611609201600000000000000000000000000000000000000000000000000000000000000000000000000000000000000000011842050000090000000000 
0010001300202Q 011000025081040860FLAVIA MARTINS                          R FRANCISCO VISENTAINER,549 AP2121      ASSUNCAO       09861630SAO B DO CAMPO SP0000000000000000                                        000                            
0010001300203P 010595600000000400378 0000000000000000000010 01266           1509201600000000001113900000 02A0609201611609201600000000000000000000000000000000000000000000000000000000000000000000000000000000000000000012662050000090000000000 
0010001300204Q 011000002890927873ROSELI RODRIGUES ALBARELLA              RUA DAS PAPOLAS, 109                    DEMARCHI       09820510SAO B DO CAMPO SP0000000000000000                                        000                            
0010001300205P 010595600000000400378 0000000000000000000010 01207           1509201600000000002850500000 02A0609201611609201600000000000000000000000000000000000000000000000000000000000000000000000000000000000000000012072050000090000000000 
0010001300206Q 011000005354701856ADENAIDE MARINHEIRO DE LIMA             RUA LAGOINHA DE LESTE,222               JD CECI        02872060SAO PAULO      SP0000000000000000                                        000                            
0010001300207P 010595600000000400378 0000000000000000000010 01253           1509201600000000005424900000 02A0609201611609201600000000000000000000000000000000000000000000000000000000000000000000000000000000000000000012532050000090000000000 
0010001300208Q 011000014422490800MARCOS ANTONIO TORRES                   R COLONIA LEOPOLDINA, 193 AP 14         ERM.MATARAZO   03821020SAO PAULO      SP0000000000000000                                        000                            
0010001300209P 010595600000000400378 0000000000000000000010 01177           1509201600000000000503400000 02A0609201611609201600000000000000000000000000000000000000000000000000000000000000000000000000000000000000000011772050000090000000000 
0010001300210Q 011000028668694863ALINE ARAUJO DINIZ                      R CUZCO, 217                            JD SAULO ALBERT09260280SAO PAULO      SP0000000000000000                                        000                            
0010001300211P 010595600000000400378 0000000000000000000010 01175           1509201600000000000694000000 02A0609201611609201600000000000000000000000000000000000000000000000000000000000000000000000000000000000000000011752050000090000000000 
0010001300212Q 011000021476970874PATRICIA DA CONCEICAO DE MELO           R GOIAS, 104                            PQ DAS FONTES  09430480RIBEIRAO PIRES SP0000000000000000                                        000                            
0010001300213P 010595600000000400378 0000000000000000000010 01292           1509201600000000001071700000 02A0609201611609201600000000000000000000000000000000000000000000000000000000000000000000000000000000000000000012922050000090000000000 
0010001300214Q 011000014041925819MARIA DA GLORIA DE FREITAS SOUSA        R JOSE HENRIQUE DE ALMEIDA, 45          VL SAO JOAO    09340580MAUA           SP0000000000000000                                        000                            
0010001300215P 010595600000000400378 0000000000000000000010 01305           1509201600000000000581100000 02A0609201611609201600000000000000000000000000000000000000000000000000000000000000000000000000000000000000000013052050000090000000000 
0010001300216Q 011000068544235700SANDRA MARIA DE SOUZA ARAUJO            R DR ZUQUIM, 472 AP 07                  SANTANA        02035020SAO PAULO      SP0000000000000000                                        000                            
0010001300217P 010595600000000400378 0000000000000000000010 01219           1509201600000000001045200000 02A0609201611609201600000000000000000000000000000000000000000000000000000000000000000000000000000000000000000012192050000090000000000 
0010001300218Q 011000012820191800MARCIO A VIAN MOURAO                    R DR PAULO RIBEIRO COELHO, 172          RIO PEQUENO    05374000SAO PAULO      SP0000000000000000                                        000                            
0010001300219P 010595600000000400378 0000000000000000000010 01169           1509201600000000002819700000 02A0609201611609201600000000000000000000000000000000000000000000000000000000000000000000000000000000000000000011692050000090000000000 
0010001300220Q 011000007338804877CLAUDIO DOS SANTOS SILVA                FRANCISCO SOLER, 427                    JD PIRITUBA    05143280SAO PAULO      SP0000000000000000                                        000                            
0010001300221P 010595600000000400378 0000000000000000000010 01267           15092016000000002.0374400000 02A0609201611609201600000000000000000000000000000000000000000000000000000000000000000000000000000000000000000012672050000090000000000 
0010001300222Q 011000006947272882MARCIA MARINO VILLA HUTTERER            RUA CAMPOS SALES, 257 APTO 12           CENTRO         09030200STO ANDRE      SP0000000000000000                                        000                            
0010001300223P 010595600000000400378 0000000000000000000010 01250           1509201600000000001045200000 02A0609201611609201600000000000000000000000000000000000000000000000000000000000000000000000000000000000000000012502050000090000000000 
0010001300224Q 011000063592487515MARYLAN RODRIGUES PEREIRA SANCHES       RUA PRINCESA LEOPOLDINA, 574            ALTO DA LAPA   05081090SAO PAULO      SP0000000000000000                                        000                            
0010001300225P 010595600000000400378 0000000000000000000010 01254           1509201600000000001202900000 02A0609201611609201600000000000000000000000000000000000000000000000000000000000000000000000000000000000000000012542050000090000000000 
0010001300226Q 011000007374465874MARIA EDNA SANTOS                       RUA SIRIOS,355                          ANCHIETA       09606100SAO B DO CAMPO SP0000000000000000                                        000                            
0010001300227P 010595600000000400378 0000000000000000000010 01257           1509201600000000003577600000 02A0609201611609201600000000000000000000000000000000000000000000000000000000000000000000000000000000000000000012572050000090000000000 
0010001300228Q 011000010158096851ELIANA MARIA LINS                       R ITAICI, 315 AP 123                    STA TEREZINHA  02460030SAO PAULO      SP0000000000000000                                        000                            
0010001300229P 010595600000000400378 0000000000000000000010 01167           1509201600000000005597400000 02A0609201611609201600000000000000000000000000000000000000000000000000000000000000000000000000000000000000000011672050000090000000000 
0010001300230Q 011000000166004871MARCO ANTONIO BEBEDICTO                 AV CUPECE, 6066 BL 04 AP 52             JD MIRIAM      04366001SAO PAULO      SP0000000000000000                                        000                            
0010001300231P 010595600000000400378 0000000000000000000010 01187           1509201600000000002022300000 02A0609201611609201600000000000000000000000000000000000000000000000000000000000000000000000000000000000000000011872050000090000000000 
0010001300232Q 011000007104506802RAIMUNDO ALVES DA SILVA                 RUA MANDACARU 102                       JD NOV ESPERANC07956020FRANC. MORATO  SP0000000000000000                                        000                            
0010001300233P 010595600000000400378 0000000000000000000010 01245           1509201600000000005729700000 02A0609201611609201600000000000000000000000000000000000000000000000000000000000000000000000000000000000000000012452050000090000000000 
0010001300234Q 011000015213321852LIDIA MARIA M WAILEMANN                 ESTRADA VELHA DA PENHA, 265 BL,BLOCO 83 TATUAPE        03090020SAO PAULO      SP0000000000000000                                        000                            
0010001300235P 010595600000000400378 0000000000000000000010 01205           1509201600000000000686200000 02A0609201611609201600000000000000000000000000000000000000000000000000000000000000000000000000000000000000000012052050000090000000000 
0010001300236Q 011000025532185832FABIO DE LUNA REIS                      R JOSE ELIAS DE ALMEIDA, 821            JD ROBRU       08150230SAO PAULO      SP0000000000000000                                        000                            
0010001300237P 010595600000000400378 0000000000000000000010 01171           1509201600000000001765100000 02A0609201611609201600000000000000000000000000000000000000000000000000000000000000000000000000000000000000000011712050000090000000000 
0010001300238Q 011000008887711852MARIA RITA PAULINO DO NASCIMENTO        R NOSSA SRA DOS MESES, 867 AP12,BLOCO A VL DAS MESES   04165001SAO PAULO      SP0000000000000000                                        000                            
0010001300239P 010595600000000400378 0000000000000000000010 01307           1509201600000000000648500000 02A0609201611609201600000000000000000000000000000000000000000000000000000000000000000000000000000000000000000013072050000090000000000 
0010001300240Q 011000008446035898ROBERTO CARLOS DIAS PEDROSO             RUA NESTOR HOMEM DE MELLO, 260          CAMPO LIMPO    05758160SAO PAULO      SP0000000000000000                                        000                            
0010001300241P 010595600000000400378 0000000000000000000010 01310           1509201600000000000485400000 02A0609201611609201600000000000000000000000000000000000000000000000000000000000000000000000000000000000000000013102050000090000000000 
0010001300242Q 011000018556791832VALERIA DE PAULA SAADS                  RUA HERMES DE OLIVEIRA, 33              VL QUINTAUNA   06080120OSASCO         SP0000000000000000                                        000                            
0010001300243P 010595600000000400378 0000000000000000000010 01282           1509201600000000001613000000 02A0609201611609201600000000000000000000000000000000000000000000000000000000000000000000000000000000000000000012822050000090000000000 
0010001300244Q 011000014010864893MARIA INEZ CELLA                        AV PEDRO II, 3179                       CAMPESTRE      09080111STO ANDRE      SP0000000000000000                                        000                            
0010001300245P 010595600000000400378 0000000000000000000010 01235           1509201600000000003846500000 02A0609201611609201600000000000000000000000000000000000000000000000000000000000000000000000000000000000000000012352050000090000000000 
0010001300246Q 011000005369111855JULIO VICENTE DE SOUZA                  R DR MARINHO DE ANDRADE, 158 FUNDOS     JD JAMAICA     05743170SAO PAULO      SP0000000000000000                                        000                            
0010001300247P 010595600000000400378 0000000000000000000010 01178           1509201600000000000485400000 02A0609201611609201600000000000000000000000000000000000000000000000000000000000000000000000000000000000000000011782050000090000000000 
0010001300248Q 011000019259245800SONIA REGINA ESTEVEM DA SILVA           R TIRADENTES, 1837 BL 02 AP 27          STA TEREZINHA  09781220SAO B DO CAMPO SP0000000000000000                                        000                            
0010001300249P 010595600000000400378 0000000000000000000010 01263           1509201600000000002338800000 02A0609201611609201600000000000000000000000000000000000000000000000000000000000000000000000000000000000000000012632050000090000000000 
0010001300250Q 011000010705824845EDNA CRISTINA DE OLIVEIRA ELIAS         AV JOSE ODORIZZI, 2471 BL 9 AP23        PQ DOS PASSAROS09851007SAO B DO CAMPO SP0000000000000000                                        000                            
0010001300251P 010595600000000400378 0000000000000000000010 01166           1509201600000000001765300000 02A0609201611609201600000000000000000000000000000000000000000000000000000000000000000000000000000000000000000011662050000090000000000 
0010001300252Q 011000004149461899SHIRLEI DE FATIMA DA SILVA              R ANTONIO MATHIAS, 250                  VD ROBERTO     11111111TABOAO DA SERRASP0000000000000000                                        000                            
0010001300253P 010595600000000400378 0000000000000000000010 01315           1509201600000000004689300000 02A0609201611609201600000000000000000000000000000000000000000000000000000000000000000000000000000000000000000013152050000090000000000 
0010001300254Q 011000007254933803ELIZETE CARVALHO DE ANDRADE             AL DOM PEDRO DE ALCANTARA, 584          N PETROPOLIS   09771281SAO B DO CAMPO SP0000000000000000                                        000                            
0010001300255P 010595600000000400378 0000000000000000000010 01195           1509201600000000000567800000 02A0609201611609201600000000000000000000000000000000000000000000000000000000000000000000000000000000000000000011952050000090000000000 
0010001300256Q 011000026381725885CLEITON PODADERA BECHFLANI              R GONCALVES DIAS, 325                   JD PORTUGAL    09715160SAO B CAMPO    SP0000000000000000                                        000                            
0010001300257P 010595600000000400378 0000000000000000000010 01214           1509201600000000001795700000 02A0609201611609201600000000000000000000000000000000000000000000000000000000000000000000000000000000000000000012142050000090000000000 
0010001300258Q 011000021777387841FABIANE RODRIGUES SARDINHA              R VICENTE DE CRANETO, 77 BL C AP31      JD STO ANTONIO 05819000SAO PAULO      SP0000000000000000                                        000                            
0010001300259P 010595600000000400378 0000000000000000000010 01237           1509201600000000001166500000 02A0609201611609201600000000000000000000000000000000000000000000000000000000000000000000000000000000000000000012372050000090000000000 
0010001300260Q 011000009990318808RAQUEL ZAMBIANCO DE MORAES              RUA IPE 300 AP 12 BL 26                 JS SILVIA      09340570MAUA           SP0000000000000000                                        000                            
0010001300261P 010595600000000400378 0000000000000000000010 01248           1509201600000000001166400000 02A0609201611609201600000000000000000000000000000000000000000000000000000000000000000000000000000000000000000012482050000090000000000 
0010001300262Q 011000011407486888RICHARD CERCHIARI                       RUA ISABEL SPINA PERELLA, 246           GUARULHOS      07031040GUARULHOS      SP0000000000000000                                        000                            
0010001300263P 010595600000000400378 0000000000000000000010 01313           1509201600000000000845700000 02A0609201611609201600000000000000000000000000000000000000000000000000000000000000000000000000000000000000000013132050000090000000000 
0010001300264Q 011000058779388272VINICIO BELO DE SOUZA JUNIOR            R DR CINCINATO BRAGA, 691 BL 01,AP51    PLANALTO       09690300S B DO CAMPO   SP0000000000000000                                        000                            
0010001300265P 010595600000000400378 0000000000000000000010 01225           15092016000000001.2606500000 02A0609201611609201600000000000000000000000000000000000000000000000000000000000000000000000000000000000000000012252050000090000000000 
0010001300266Q 011000073801208672DARCILIA MARIA TEIXEIRA                 RUA BARRETOS 203 ANT 1109               JD ORATORIO    09381130MAUA           SP0000000000000000                                        000                            
0010001300267P 010595600000000400378 0000000000000000000010 01264           1509201600000000001691300000 02A0609201611609201600000000000000000000000000000000000000000000000000000000000000000000000000000000000000000012642050000090000000000 
0010001300268Q 011000014209208809RENALDO ZAMBONI DE SALLES               RUA PIRATININGA, 477 BL1 AP 173         BRAS           03042001SAO PAULO      SP0000000000000000                                        000                            
0010001300269P 010595600000000400378 0000000000000000000010 01232           1509201600000000001166500000 02A0609201611609201600000000000000000000000000000000000000000000000000000000000000000000000000000000000000000012322050000090000000000 
0010001300270Q 011000007451298892ARLETE DA SILVA                         R BARTOLOMEU DE GUSMAO, 70 AP 94,BLA    V SAO FRANCISCO09310680MAUA           SP0000000000000000                                        000                            
0010001300271P 010595600000000400378 0000000000000000000010 01316           1509201600000000000369800000 02A0609201611609201600000000000000000000000000000000000000000000000000000000000000000000000000000000000000000013162050000090000000000 
0010001300272Q 011000016691615875GLEICE CRISTINE LEOCADIO                R STA GREGORIA, 213                     CIDADE DUTRA   04806030SAO PAULO      SP0000000000000000                                        000                            
0010001300273P 010595600000000400378 0000000000000000000010 01306           1509201600000000000369800000 02A0609201611609201600000000000000000000000000000000000000000000000000000000000000000000000000000000000000000013062050000090000000000 
0010001300274Q 011000019481186881ADRIANA ALVES GOMES                     RUA CAMPO SANTO, 180 AP 24 BL2          PQ DAS NACOES  00928195SANTO ANDRE    SP0000000000000000                                        000                            
0010001300275P 010595600000000400378 0000000000000000000010 01318           1509201600000000000485400000 02A0609201611609201600000000000000000000000000000000000000000000000000000000000000000000000000000000000000000013182050000090000000000 
0010001300276Q 011000017321179850ELAINE CRISTINA DIAS MONTEIRO           R LUCAS DE CAMARGO, 105                 VL INDUSTRIAL  03257130SAO PAULO      SP0000000000000000                                        000                            
0010001300277P 010595600000000400378 0000000000000000000010 01311           1509201600000000000485400000 02A0609201611609201600000000000000000000000000000000000000000000000000000000000000000000000000000000000000000013112050000090000000000 
0010001300278Q 011000024829902892APARECIDA SILVA                         R SILVIO BARBINI, 212 AP 33C            ITAQUERA       08250650SAO PAULO      SP0000000000000000                                        000                            
0010001300279P 010595600000000400378 0000000000000000000010 01181           1509201600000000000369800000 02A0609201611609201600000000000000000000000000000000000000000000000000000000000000000000000000000000000000000011812050000090000000000 
0010001300280Q 011000027527671882ANDERSON AUGUSTO DOS SANTOS             HIMALAIA 459 APTO 03                    PQ NOV ORATORIO09270430STOP ANDRE     SP0000000000000000                                        000                            
0010001300281P 010595600000000400378 0000000000000000000010 01215           1509201600000000001148300000 02A0609201611609201600000000000000000000000000000000000000000000000000000000000000000000000000000000000000000012152050000090000000000 
0010001300282Q 011000033355198846ALINE PENHA DOS SANTOS                  RUA CUBATAO, 77                         BAETA NEVES    09760440S B CAMPO      SP0000000000000000                                        000                            
0010001300283P 010595600000000400378 0000000000000000000010 01228           1509201600000000006153400000 02A0609201611609201600000000000000000000000000000000000000000000000000000000000000000000000000000000000000000012282050000090000000000 
0010001300284Q 011000068397836853SILVIA LUCAS P DE SOUZA                 RUA CAMPOS SALLES, 219                  VL STA TEREZINA09770190SAO B CAMPO    SP0000000000000000                                        000                            
0010001300285P 010595600000000400378 0000000000000000000010 01230           1509201600000000003982100000 02A0609201611609201600000000000000000000000000000000000000000000000000000000000000000000000000000000000000000012302050000090000000000 
0010001300286Q 011000053708369815PERCIVAL BATISTA DE HOLANDA             R BAROEL, 83 AP 11                      CENTRO         08675000SUZANO         SP0000000000000000                                        000                            
0010001300287P 010595600000000400378 0000000000000000000010 01163           1509201600000000008349500000 02A0609201611609201600000000000000000000000000000000000000000000000000000000000000000000000000000000000000000011632050000090000000000 
0010001300288Q 011000000380692880ANALICE MARIA T DE OLIVEIRA             R TANGER 319                            PQ N ORATORIO  09251140STO ANDRE      SP0000000000000000                                        000                            
0010001300289P 010595600000000400378 0000000000000000000010 01314           1509201600000000001044100000 02A0609201611609201600000000000000000000000000000000000000000000000000000000000000000000000000000000000000000013142050000090000000000 
0010001300290Q 011000014683305860WANDERLEY FRANCISCO DA SILVA            R JOAQUIM ESPINOSA, 221 CASA 06         J SAO LUIZ     05812070SAO PAULO      SP0000000000000000                                        000                            
0010001300291P 010595600000000400378 0000000000000000000010 01258           1509201600000000001763400000 02A0609201611609201600000000000000000000000000000000000000000000000000000000000000000000000000000000000000000012582050000090000000000 
0010001300292Q 011000007639006805SILVANA APARECIDA DE SOUZA              RUA JERONIMO DIAS, 171                  SANTANA        02407000SAO PAULO      SP0000000000000000                                        000                            
0010001300293P 010595600000000400378 0000000000000000000010 01279           1509201600000000001050800000 02A0609201611609201600000000000000000000000000000000000000000000000000000000000000000000000000000000000000000012792050000090000000000 
0010001300294Q 011000001430943866MARISALVA BRITO N NASCIMENTO            R CAPIVARI, 465 CS 02                   PQ LUIZA       06816160EMBU DAS ARTES SP0000000000000000                                        000                            
0010001300295P 010595600000000400378 0000000000000000000010 01301           1509201600000000001173000000 02A0609201611609201600000000000000000000000000000000000000000000000000000000000000000000000000000000000000000013012050000090000000000 
0010001300296Q 011000035239174504MARIA DO CARMO DE CARVALHO              R LUIZ PINHEIRO, 61                     CI PIRITUBA    02944000SAO PAULO      SP0000000000000000                                        000                            
0010001300297P 010595600000000400378 0000000000000000000010 01165           1509201600000000002218600000 02A0609201611609201600000000000000000000000000000000000000000000000000000000000000000000000000000000000000000011652050000090000000000 
0010001300298Q 011000000851347835ELISABETE FERREIRA GARCIA               RUA TUPI, 160 AP 23                     CERAMICA       09530530SAO CAETANO DOLSP0000000000000000                                        000                            
0010001300299P 010595600000000400378 0000000000000000000010 01212           1509201600000000002737000000 02A0609201611609201600000000000000000000000000000000000000000000000000000000000000000000000000000000000000000012122050000090000000000 
0010001300300Q 011000005116458806IDEVALDO BARBOSA CAMPELO                R MARNE, 309                            VL CAPELA      04415090SAO PAULO      SP0000000000000000                                        000                            
0010001300301P 010595600000000400378 0000000000000000000010 01231           1509201600000000001173000000 02A0609201611609201600000000000000000000000000000000000000000000000000000000000000000000000000000000000000000012312050000090000000000 
0010001300302Q 011000001457584867WAGNER PADUAN                           AV BENJAMIN HARRIS HUNNI,BLOCO 9 - AP42 VL RIO DE JANEI07124000GUARULHOS      SP0000000000000000                                        000                            
0010001300303P 010595600000000400378 0000000000000000000010 01284           1509201600000000001173000000 02A0609201611609201600000000000000000000000000000000000000000000000000000000000000000000000000000000000000000012842050000090000000000 
0010001300304Q 011000008263016819MARINA RIBEIRO AVELINO                  E ESTEVAO JORDAN, 254 AP 931            JD MONICA      05861300SAO PAULO      SP0000000000000000                                        000                            
0010001300305P 010595600000000400378 0000000000000000000010 01280           1509201600000000002737000000 02A0609201611609201600000000000000000000000000000000000000000000000000000000000000000000000000000000000000000012802050000090000000000 
0010001300306Q 011000005320093802RENATO MATEUS DOS SANTOS                RUA ITALIA 68                           JD ORIENTAL    06033060SAO PAULO      SP0000000000000000                                        000                            
0010001300307P 010595600000000400378 0000000000000000000010 01199           1509201600000000002386300000 02A0609201611609201600000000000000000000000000000000000000000000000000000000000000000000000000000000000000000011992050000090000000000 
0010001300308Q 011000012898603864MARCIO MELHADOS                         R WOLSTEIN, 116 A                       VL GRANADA     03623010SAO PAULO      SP0000000000000000                                        000                            
0010001300309P 010595600000000400378 0000000000000000000010 01236           1509201600000000002737000000 02A0609201611609201600000000000000000000000000000000000000000000000000000000000000000000000000000000000000000012362050000090000000000 
0010001300310Q 011000006788635803JANE RODRIGUES RIBEIRO                  R VITORIO TAFARELLO, 54                 VL QUINTAUNA   06192150OSASCO         SP0000000000000000                                        000                            
0010001300311P 010595600000000400378 0000000000000000000010 01246           1509201600000000001172900000 02A0609201611609201600000000000000000000000000000000000000000000000000000000000000000000000000000000000000000012462050000090000000000 
0010001300312Q 011000011445735806JOAQUIM JOSE R JUNIOR                   R JOSEPHINA LIUZZI DE MOR,BLOCO A - 310 J MARIA ROSA   06763140TABOAO DA SERRASP0000000000000000                                        000                            
0010001300313P 010595600000000400378 0000000000000000000010 01251           1509201600000000001050800000 02A0609201611609201600000000000000000000000000000000000000000000000000000000000000000000000000000000000000000012512050000090000000000 
0010001300314Q 011000089928172820ANA IRES SANTOS SILVA                   PASSAGEM BRENO CALDAS, 27               VL CAMPO GRANDE04447025SAO PAULO      SP0000000000000000                                        000                            
0010001300315P 010595600000000400378 0000000000000000000010 01164           15092016000000002.0379100000 02A0609201611609201600000000000000000000000000000000000000000000000000000000000000000000000000000000000000000011642050000090000000000 
0010001300316Q 011000000632051817JANICE TEIXEIRA A BARBOSA               AV  STA INES 1129 AP 204                PQ MANDAQUI    02415900SAO PAULO      SP0000000000000000                                        000                            
00100015         000318                                                                                                                                                                                                                         
00199999         000001000320000000                                                                                                                                                                                                             