00100000         249938327000106002887755001411019  0595600000000400378 UBRASP                        BANCO DO BRASIL S.A.                    10809201613254800000000000000                                                                     
00100011R01  000 2049938327000106002887755001411019  0595600000000400378 UBRASP                                                                                                        000000000000000000000000                                 
0010001300001P 010595600000000400378 0000000000000000000010 002442           1909201600000000002519000000 02A0709201612009201600000000000000000000000000000000000000000000000000000000000000000000000000000000000000000024422050000090000000000 
0010001300002Q 011000010420245880VALDEMIR GONCALVES DE OLIVEIRA          AL BARROS, 66                           STA CECILIA    01232000SAO PAULO      SP0000000000000000                                        000                            
0010001300003P 010595600000000400378 0000000000000000000010 002443           1909201600000000008399100000 02A0709201612009201600000000000000000000000000000000000000000000000000000000000000000000000000000000000000000024432050000090000000000 
0010001300004Q 011000009641473867RAQUEL SANTANA DE OLIVEIRA              RUA DR MARIO AUGUSTO PEREIRA, 55        PQ PINHEIROS   06767330TABOAO DA SERRASP0000000000000000                                        000                            
0010001300005P 010595600000000400378 0000000000000000000010 002444           1909201600000000001070600000 02A0709201612009201600000000000000000000000000000000000000000000000000000000000000000000000000000000000000000024442050000090000000000 
0010001300006Q 011000010818191899ANGELA FRUET DE STEPHANI                RUA NOSSA SENHORA DE FATIMA, 715        OSWALDO CRUZ   09540100SAO PAULO      SP0000000000000000                                        000                            
0010001300007P 010595600000000400378 0000000000000000000010 002445           1909201600000000005216200000 02A0709201612009201600000000000000000000000000000000000000000000000000000000000000000000000000000000000000000024452050000090000000000 
0010001300008Q 011000032061552820MARIA BARBOSA RIBEIRO                   AV JOSE DE ARAUJO RIBEIRO, 186          VL ANTONIO     05376040SAO PAULO      SP0000000000000000                                        000                            
0010001300009P 010595600000000400378 0000000000000000000010 002446           19092016000000001.2223100000 02A0709201612009201600000000000000000000000000000000000000000000000000000000000000000000000000000000000000000024462050000090000000000 
0010001300010Q 011000074920286872HERALDO DE O DE FRANCISCO               RUA ARARE 353                           CHACARA INGLESA04141080SAO PAULO      SP0000000000000000                                        000                            
0010001300011P 010595600000000400378 0000000000000000000010 002447           1909201600000000005832700000 02A0709201612009201600000000000000000000000000000000000000000000000000000000000000000000000000000000000000000024472050000090000000000 
0010001300012Q 011000002274234884CATIA MORAES JOAQUIM BASILIO            RUA DOMINGOS DE STA MARIA, 585          VL GUARANI     04311040SAO PAULO      SP0000000000000000                                        000                            
0010001300013P 010595600000000400378 0000000000000000000010 002448           1909201600000000007980800000 02A0709201612009201600000000000000000000000000000000000000000000000000000000000000000000000000000000000000000024482050000090000000000 
0010001300014Q 011000057734194834ALCIDES GORGATTI JUNIOR                 R PROF SYLLA MATOS, 200 AP 2 BL 28      JD STA CRUZ    04182010SAO PAULO      SP0000000000000000                                        000                            
0010001300015P 010595600000000400378 0000000000000000000010 002449           1909201600000000001688700000 02A0709201612009201600000000000000000000000000000000000000000000000000000000000000000000000000000000000000000024492050000090000000000 
0010001300016Q 011000017688257859ANDREA PEREIRA DA SILVA                 RUA LUISA CANERO, 289                   CANERO         03191030SAO PAULO      SP0000000000000000                                        000                            
0010001300017P 010595600000000400378 0000000000000000000010 002450           1909201600000000006411300000 02A0709201612009201600000000000000000000000000000000000000000000000000000000000000000000000000000000000000000024502050000090000000000 
0010001300018Q 011000004803498865CRISTIANE PERELLO                       RUA UBAIRA, 12                          INDIANOPOLIS   04517140SAO PAULO      SP0000000000000000                                        000                            
0010001300019P 010595600000000400378 0000000000000000000010 002451           1909201600000000000943600000 02A0709201612009201600000000000000000000000000000000000000000000000000000000000000000000000000000000000000000024512050000090000000000 
0010001300020Q 011000005791599811TANIA CRISTINA DO NASCIMENTO            RUA ANTONIO LOMBADO, 518                JD STA TEREZINH03572230SAO PAULO      SP0000000000000000                                        000                            
0010001300021P 010595600000000400378 0000000000000000000010 002452           19092016000000002.9903300000 02A0709201612009201600000000000000000000000000000000000000000000000000000000000000000000000000000000000000000024522050000090000000000 
0010001300022Q 011000004223648861IGNEZ HERNANDES SOARES                  RUA ATILIO PIFFER, 489 AP 22A           CASA VERDE     02516000SAO PAULO      SP0000000000000000                                        000                            
0010001300023P 010595600000000400378 0000000000000000000010 002453           1909201600000000000844700000 02A0709201612009201600000000000000000000000000000000000000000000000000000000000000000000000000000000000000000024532050000090000000000 
0010001300024Q 011000026146208825ODILE DE MEDEIROS                       R JOSE CORREIA DE LIMA, 212 CASA137     PIRITUBA       05143320SAO PAULO      SP0000000000000000                                        000                            
0010001300025P 010595600000000400378 0000000000000000000010 002454           1909201600000000006465500000 02A0709201612009201600000000000000000000000000000000000000000000000000000000000000000000000000000000000000000024542050000090000000000 
0010001300026Q 011000015772882899GILVANETE ALVES PONTES                  RUA ZAVUVUS 44 OU 46                    VL MISSIONARIA 04426040SAO PAULO      SP0000000000000000                                        000                            
0010001300027P 010595600000000400378 0000000000000000000010 002455           1909201600000000006585500000 02A0709201612009201600000000000000000000000000000000000000000000000000000000000000000000000000000000000000000024552050000090000000000 
0010001300028Q 011000009141965884MARCIA VALERIA SILVA                    R MINISTRO ADAITO CARDOSO 267CASA02     JD BONFIGLIOLI 05588900SAO PAULO      SP0000000000000000                                        000                            
0010001300029P 010595600000000400378 0000000000000000000010 002456           19092016000000002.2753800000 02A0709201612009201600000000000000000000000000000000000000000000000000000000000000000000000000000000000000000024562050000090000000000 
0010001300030Q 011000046465545853SEBASTIAO FLORES                        RUA RUIMI RAMIERI, 146                  PQ SAO DOMINGOS05125150SAO PAULO      SP0000000000000000                                        000                            
0010001300031P 010595600000000400378 0000000000000000000010 002457           1909201600000000008602400000 02A0709201612009201600000000000000000000000000000000000000000000000000000000000000000000000000000000000000000024572050000090000000000 
0010001300032Q 011000046128395872WALTER PASSOS                           R LAURO MULLER, 250 APTO 03             ALTO DA LAPA   05302060SAO PAULO      SP0000000000000000                                        000                            
0010001300033P 010595600000000400378 0000000000000000000010 002458           1909201600000000002189800000 02A0709201612009201600000000000000000000000000000000000000000000000000000000000000000000000000000000000000000024582050000090000000000 
0010001300034Q 011000028736539813ANDREA ALVES DE ALMEIDA                 R JOAO PIMENTEL DE TAVORA, 144          PQ SAO LUCAS   03261020SAO PAULO      SP0000000000000000                                        000                            
0010001300035P 010595600000000400378 0000000000000000000010 002459           1909201600000000000943600000 02A0709201612009201600000000000000000000000000000000000000000000000000000000000000000000000000000000000000000024592050000090000000000 
0010001300036Q 011000029948139801VALESKA CAMARGO CANHOTO                 R PROF MARTAGAO, 16                     V PEREIRA BARRT02920100SAO PAULO      SP0000000000000000                                        000                            
0010001300037P 010595600000000400378 0000000000000000000010 002460           19092016000000001.3425000000 02A0709201612009201600000000000000000000000000000000000000000000000000000000000000000000000000000000000000000024602050000090000000000 
0010001300038Q 011000009406831805GLAUCIO MOURA PEREIRA                   R GIACAMA DALAMI, 361                   NOVA GETI      09580350SAO CAETANO    SP0000000000000000                                        000                            
0010001300039P 010595600000000400378 0000000000000000000010 002461           19092016000000001.3202700000 02A0709201612009201600000000000000000000000000000000000000000000000000000000000000000000000000000000000000000024612050000090000000000 
0010001300040Q 011000007201595806ISABEL APARECIDA DE ARRUDA              R VIGARIO TAQUESBITTENC,BLOCO AP - 1006 STO AMARO      04755060SAO PAULO      SP0000000000000000                                        000                            
0010001300041P 010595600000000400378 0000000000000000000010 002462           1909201600000000000915000000 02A0709201612009201600000000000000000000000000000000000000000000000000000000000000000000000000000000000000000024622050000090000000000 
0010001300042Q 011000025278246847FABIANA SILVA AGUIAR BARBOSA            R SIMAO ALVES DE ALMEIDA 1 B            CAPAO REDONDO  05867490SAO PAULO      SP0000000000000000                                        000                            
0010001300043P 010595600000000400378 0000000000000000000010 002463           19092016000000001.4316400000 02A0709201612009201600000000000000000000000000000000000000000000000000000000000000000000000000000000000000000024632050000090000000000 
0010001300044Q 011000004983498885FLAVIA A PRADO STRAMANDINOLI            R CELIA DOMINGUES FAUSTI,BLOCO 6 - AP12 PQ CECAP       07190060GUARULHOS      SP0000000000000000                                        000                            
0010001300045P 010595600000000400378 0000000000000000000010 002464           1909201600000000003663800000 02A0709201612009201600000000000000000000000000000000000000000000000000000000000000000000000000000000000000000024642050000090000000000 
0010001300046Q 011000005387789892MARTA ALVES DE ARAUJO                   AV GASPAR VAZ DA CUNHA, 84              LIMAO          02559010SAO PAULO      SP0000000000000000                                        000                            
0010001300047P 010595600000000400378 0000000000000000000010 002465           1909201600000000004344000000 02A0709201612009201600000000000000000000000000000000000000000000000000000000000000000000000000000000000000000024652050000090000000000 
0010001300048Q 011000013147211860NIVALDO GIROLDO JUNIOR                  R ROCHA FERREIRA, 78                    HOMEROTHON     09111160STO ANDRE      SP0000000000000000                                        000                            
0010001300049P 010595600000000400378 0000000000000000000010 002466           1909201600000000002727300000 02A0709201612009201600000000000000000000000000000000000000000000000000000000000000000000000000000000000000000024662050000090000000000 
0010001300050Q 011000006569557831MARIA APARECIDA BORGES                  R JOSE DIAS DONADELLI, 567              JD BELITA      09851180S B DO CAMPO   SP0000000000000000                                        000                            
0010001300051P 010595600000000400378 0000000000000000000010 002467           1909201600000000003776000000 02A0709201612009201600000000000000000000000000000000000000000000000000000000000000000000000000000000000000000024672050000090000000000 
0010001300052Q 011000001378417879VERA HELENA MONTEIRO                    R SANTA MADALENA, 320 AP 82             LIBERDADE      01322020SAO PAULO      SP0000000000000000                                        000                            
0010001300053P 010595600000000400378 0000000000000000000010 002468           1909201600000000002411700000 02A0709201612009201600000000000000000000000000000000000000000000000000000000000000000000000000000000000000000024682050000090000000000 
0010001300054Q 011000029168091800MARIO TIGRE IZIDORO                     R SAO ROQUE DA FARTURA, 136             JD REAL        04826370SAO PAULO      SP0000000000000000                                        000                            
0010001300055P 010595600000000400378 0000000000000000000010 002469           1909201600000000002297100000 02A0709201612009201600000000000000000000000000000000000000000000000000000000000000000000000000000000000000000024692050000090000000000 
0010001300056Q 011000008698271898ROSEMARY DE ALMEIDA GIANELI             AV N S DE SABARA, 359 APTO 72  BLII     JD MARAJOARA   04685000SAO PAULO      SP0000000000000000                                        000                            
0010001300057P 010595600000000400378 0000000000000000000010 002470           1909201600000000001578100000 02A0709201612009201600000000000000000000000000000000000000000000000000000000000000000000000000000000000000000024702050000090000000000 
0010001300058Q 011000052303020620RITA VALERIA G DE FARIA                 AV JOAO DIAS, 1177 AP 206 B             V CRUZEIRO     04723001SAO PAULO      SP0000000000000000                                        000                            
0010001300059P 010595600000000400378 0000000000000000000010 002471           1909201600000000000744500000 02A0709201612009201600000000000000000000000000000000000000000000000000000000000000000000000000000000000000000024712050000090000000000 
0010001300060Q 011000027772895810RONALDO CAMACHO GRANZIER                E EMILIA MORGADO MUNHOZ GARCIA, 43      V DAS BELEZAS  05835050SAO PAULO      SP0000000000000000                                        000                            
0010001300061P 010595600000000400378 0000000000000000000010 002472           19092016000000001.0804400000 02A0709201612009201600000000000000000000000000000000000000000000000000000000000000000000000000000000000000000024722050000090000000000 
0010001300062Q 011000004461259897MARJORYE E M A OLIVEIRA                 R DOS SOROCABANOS, 829 AP 31            IPIRANGA       04202001SAO PAULO      SP0000000000000000                                        000                            
0010001300063P 010595600000000400378 0000000000000000000010 002473           1909201600000000004474600000 02A0709201612009201600000000000000000000000000000000000000000000000000000000000000000000000000000000000000000024732050000090000000000 
0010001300064Q 011000005582018816DIRCE PEREIRA SALES                     R GINGADINHO, 44 PASSAGEM D             JD SA BENTO NOV05886410SAO PAULO      SP0000000000000000                                        000                            
0010001300065P 010595600000000400378 0000000000000000000010 002474           19092016000000001.4423400000 02A0709201612009201600000000000000000000000000000000000000000000000000000000000000000000000000000000000000000024742050000090000000000 
0010001300066Q 011000005573376829ROGERIO CARLOS CIRINO                   R CEDRO ROSA, 65 BL 01 AP 72            CON H S BRITO  05885400SAO PAULO      SP0000000000000000                                        000                            
0010001300067P 010595600000000400378 0000000000000000000010 002475           19092016000000001.4647800000 02A0709201612009201600000000000000000000000000000000000000000000000000000000000000000000000000000000000000000024752050000090000000000 
0010001300068Q 011000002977970851RITA DE CASSIA Q GOMES                  R MAUA, 30                              JD STA CLARA   07114110GUARULHOS      SP0000000000000000                                        000                            
0010001300069P 010595600000000400378 0000000000000000000010 002476           1909201600000000002283900000 02A0709201612009201600000000000000000000000000000000000000000000000000000000000000000000000000000000000000000024762050000090000000000 
0010001300070Q 011000011889122831EDISON BRAZ DA SILVA                    R RIO MAMANGUAP, 135 C 6                CIDADE LIDER   08285120SAO PAULO      SP0000000000000000                                        000                            
0010001300071P 010595600000000400378 0000000000000000000010 002477           19092016000000002.1376200000 02A0709201612009201600000000000000000000000000000000000000000000000000000000000000000000000000000000000000000024772050000090000000000 
0010001300072Q 011000005928018886MAURO SANCHES                           R TABAICU,87                            VL CENTENARIA  03645070SAO PAULO      SP0000000000000000                                        000                            
0010001300073P 010595600000000400378 0000000000000000000010 002478           1909201600000000006872100000 02A0709201612009201600000000000000000000000000000000000000000000000000000000000000000000000000000000000000000024782050000090000000000 
0010001300074Q 011000094566909891ISABEL RODRIGUES DA SILVA DUARTE        RUA LAZARO ROCCI, 358                   VL BEATRIZ     09850110S B DO CAMPO   SP0000000000000000                                        000                            
0010001300075P 010595600000000400378 0000000000000000000010 002479           1909201600000000003167000000 02A0709201612009201600000000000000000000000000000000000000000000000000000000000000000000000000000000000000000024792050000090000000000 
0010001300076Q 011000003377593837CRISTINA RIBERTO BATISTA                R NAVARRA, 320                          V STA CATARINA 04374020SAO PAULO      SP0000000000000000                                        000                            
0010001300077P 010595600000000400378 0000000000000000000010 002480           1909201600000000003839800000 02A0709201612009201600000000000000000000000000000000000000000000000000000000000000000000000000000000000000000024802050000090000000000 
0010001300078Q 011000084977809491JAQUELINE MARIA DE BARROS               RUA MUCUGEL,215 AP 505                  JD GUILHERMINA 07273100GUARULHOS      SP0000000000000000                                        000                            
0010001300079P 010595600000000400378 0000000000000000000010 002481           1909201600000000008599800000 02A0709201612009201600000000000000000000000000000000000000000000000000000000000000000000000000000000000000000024812050000090000000000 
0010001300080Q 011000050973673834JOSE PEDRO GUEDES DOS SANTOS            RUA PEREIRA DE AVELAR, 81               VILA ALPINA    03211040SAO PAULO      SP0000000000000000                                        000                            
0010001300081P 010595600000000400378 0000000000000000000010 002482           1909201600000000002587800000 02A0709201612009201600000000000000000000000000000000000000000000000000000000000000000000000000000000000000000024822050000090000000000 
0010001300082Q 011000024831228842CRISTIANE REGINA D CAPUSSO              AV FRANCISCO MATARAZO, 121 AP 915       AGUA BRANCA    05001000SAO PAULO      SP0000000000000000                                        000                            
0010001300083P 010595600000000400378 0000000000000000000010 002483           1909201600000000008602400000 02A0709201612009201600000000000000000000000000000000000000000000000000000000000000000000000000000000000000000024832050000090000000000 
0010001300084Q 011000094659826872EZITA RIBEIRO DOS SANTOS                AV MANOEL DA MAIA, 107                  PQ AMERICA     04820120SAO PAULO      SP0000000000000000                                        000                            
0010001300085P 010595600000000400378 0000000000000000000010 002484           1909201600000000000915000000 02A0709201612009201600000000000000000000000000000000000000000000000000000000000000000000000000000000000000000024842050000090000000000 
0010001300086Q 011000012833137826CLAUDIA KEILA G DA SILVA                R JOSE LUIZ BORGES, 69                  PQ SAO RAFAEL  08320580STO ANDRE      SP0000000000000000                                        000                            
0010001300087P 010595600000000400378 0000000000000000000010 002485           1909201600000000004003100000 02A0709201612009201600000000000000000000000000000000000000000000000000000000000000000000000000000000000000000024852050000090000000000 
0010001300088Q 011000003804600840MARIA LUIZA BATISTA                     AV SEN TEOTONIO VILELA 4029 BL,BLOCO 32 JORDENOPOLIS   04833001SAO PAULO      SP0000000000000000                                        000                            
0010001300089P 010595600000000400378 0000000000000000000010 002486           1909201600000000001605800000 02A0709201612009201600000000000000000000000000000000000000000000000000000000000000000000000000000000000000000024862050000090000000000 
0010001300090Q 011000003399164866SANDRA REGINA UEMA                      R ROBERT BIRD, 154                      CON RS INGAI   04467060SAO PAULO      SP0000000000000000                                        000                            
0010001300091P 010595600000000400378 0000000000000000000010 002487           1909201600000000006691900000 02A0709201612009201600000000000000000000000000000000000000000000000000000000000000000000000000000000000000000024872050000090000000000 
0010001300092Q 011000017262795880MONICA MARTINS NASCIMENTO               R WALDEMAR ORTEGA, 685                  JD COMERCIAL   05885370SAO PAULO      SP0000000000000000                                        000                            
0010001300093P 010595600000000400378 0000000000000000000010 002488           1909201600000000003392300000 02A0709201612009201600000000000000000000000000000000000000000000000000000000000000000000000000000000000000000024882050000090000000000 
0010001300094Q 011000013163955886FILIPE LUCIO GIL DA SILVA               R SUMATRA, 33                           PQ NV ORATORIO 09250470SANTO ANDRE    SP0000000000000000                                        000                            
0010001300095P 010595600000000400378 0000000000000000000010 002489           1909201600000000005321900000 02A0709201612009201600000000000000000000000000000000000000000000000000000000000000000000000000000000000000000024892050000090000000000 
0010001300096Q 011000024928768884SHIRLEI PEREIRA PENHA                   R JACOBI VALENTINO DASSOLI, 14 AP,401   JD IRAJA       09781400SAO B CAMPO    SP0000000000000000                                        000                            
0010001300097P 010595600000000400378 0000000000000000000010 002490           1909201600000000005956300000 02A0709201612009201600000000000000000000000000000000000000000000000000000000000000000000000000000000000000000024902050000090000000000 
0010001300098Q 011000029505634811RUBENS JESUS MENEZES COSTA              R MINISTRO RIBEIRO DA COSTA,400         JD DO LAGO     09840560SAO B DO CAMPO SP0000000000000000                                        000                            
0010001300099P 010595600000000400378 0000000000000000000010 002491           1909201600000000003300700000 02A0709201612009201600000000000000000000000000000000000000000000000000000000000000000000000000000000000000000024912050000090000000000 
0010001300100Q 011000089644751868MAURO SERGIO AUGUSTO                    R ROMANOF, 107                          MARIA HELENA   06322130CARAPICUIBA    SP0000000000000000                                        000                            
0010001300101P 010595600000000400378 0000000000000000000010 002492           1909201600000000009650900000 02A0709201612009201600000000000000000000000000000000000000000000000000000000000000000000000000000000000000000024922050000090000000000 
0010001300102Q 011000011642620840MARILIA MONTEIRO TAVARES                RUA MESSINA,133                         TREMEMBE       02347090SAO PAULO      SP0000000000000000                                        000                            
0010001300103P 010595600000000400378 0000000000000000000010 002493           1909201600000000003342500000 02A0709201612009201600000000000000000000000000000000000000000000000000000000000000000000000000000000000000000024932050000090000000000 
0010001300104Q 011000026423964874SIMONE APARECIDA SANTOS                 R MIGUEL GONCALVES DOS REIS, 135        MORRO GRANDE   02809050SAO PAULO      SP0000000000000000                                        000                            
0010001300105P 010595600000000400378 0000000000000000000010 002494           1909201600000000001777200000 02A0709201612009201600000000000000000000000000000000000000000000000000000000000000000000000000000000000000000024942050000090000000000 
0010001300106Q 011000015247238869JOSE GILMAR DA SILVA                    R RIBEIRAO PRETO, 80                    VL IAGE        06780190SAO PAULO      SP0000000000000000                                        000                            
0010001300107P 010595600000000400378 0000000000000000000010 002495           1909201600000000003075600000 02A0709201612009201600000000000000000000000000000000000000000000000000000000000000000000000000000000000000000024952050000090000000000 
0010001300108Q 011000011684303800PAULA RAQUEL GONCALVES DE SOUSA         R AIMBERE, 767                          VL CURUCA      09291210STO ANDRE      SP0000000000000000                                        000                            
0010001300109P 010595600000000400378 0000000000000000000010 002496           1909201600000000001792600000 02A0709201612009201600000000000000000000000000000000000000000000000000000000000000000000000000000000000000000024962050000090000000000 
0010001300110Q 011000011603230890IVONE COSTA SANTOS                      RUA 27 DE MARCO, 668                    JD CANHEMA     09941450DIADEMA        SP0000000000000000                                        000                            
0010001300111P 010595600000000400378 0000000000000000000010 002497           1909201600000000004532400000 02A0709201612009201600000000000000000000000000000000000000000000000000000000000000000000000000000000000000000024972050000090000000000 
0010001300112Q 011000062934465853APOLONIA CUNHA GOUVEIA                  RUA ASCANIO, 252                        VL MAFALDA     03373080SAO PAULO      SP0000000000000000                                        000                            
0010001300113P 010595600000000400378 0000000000000000000010 002498           1909201600000000009651800000 02A0709201612009201600000000000000000000000000000000000000000000000000000000000000000000000000000000000000000024982050000090000000000 
0010001300114Q 011000019274306822ELVIRA P DE SANTANA MARTINS             R DR FLEMING, 88                        ASSUNCAO       09810080SAO B DO CAMPO SP0000000000000000                                        000                            
0010001300115P 010595600000000400378 0000000000000000000010 002499           1909201600000000003342500000 02A0709201612009201600000000000000000000000000000000000000000000000000000000000000000000000000000000000000000024992050000090000000000 
0010001300116Q 011000027433748881KELLY REGINA MASTROGIOVANNI             R NEGATA, 100                           JD JAPAO       02124080SAO PAULO      SP0000000000000000                                        000                            
0010001300117P 010595600000000400378 0000000000000000000010 002500           19092016000000001.4006000000 02A0709201612009201600000000000000000000000000000000000000000000000000000000000000000000000000000000000000000025002050000090000000000 
0010001300118Q 011000003236354828GERALDO PEREIRA OLINTO                  ROD RAPOSO TAVARES, 3175 AP 23B         JD OLIMPIA     05573900SAO PAULO      SP0000000000000000                                        000                            
0010001300119P 010595600000000400378 0000000000000000000010 002501           1909201600000000002587800000 02A0709201612009201600000000000000000000000000000000000000000000000000000000000000000000000000000000000000000025012050000090000000000 
0010001300120Q 011000053670167315LEIDIANA BARREIRA CORADO DE SOUSA       R JULIO COLACO, 555                     VL ARICANDUVA  03502050SAO PAULO      SP0000000000000000                                        000                            
0010001300121P 010595600000000400378 0000000000000000000010 002502           1909201600000000004175500000 02A0709201612009201600000000000000000000000000000000000000000000000000000000000000000000000000000000000000000025022050000090000000000 
0010001300122Q 011000009671100848ADALBERTO PIRES FRANCO                  EST DR CICERO BORGES DE MORAES 1498     JD REGINA ALICE06407000BARUERI        SP0000000000000000                                        000                            
0010001300123P 010595600000000400378 0000000000000000000010 002503           1909201600000000002264800000 02A0709201612009201600000000000000000000000000000000000000000000000000000000000000000000000000000000000000000025032050000090000000000 
0010001300124Q 011000029322991828LILIAN MARTINS CHAVES                   AV DOM PEDRO I, 604                     V CONCEICAO    09991000DIADEMA        SP0000000000000000                                        000                            
0010001300125P 010595600000000400378 0000000000000000000010 002504           1909201600000000008360800000 02A0709201612009201600000000000000000000000000000000000000000000000000000000000000000000000000000000000000000025042050000090000000000 
0010001300126Q 011000008739795837ESTER ADORNO C DE ARAUJO                R BENEDITO LUIS RODRIGUES, 1351         JD PALERMA     09780420SAO B DO CAMPO SP0000000000000000                                        000                            
0010001300127P 010595600000000400378 0000000000000000000010 002505           19092016000000001.4396000000 02A0709201612009201600000000000000000000000000000000000000000000000000000000000000000000000000000000000000000025052050000090000000000 
0010001300128Q 011000004332952871ELISABETH ANGELO CADERNO                R LUIS DA SILVA CORREIA 129             JD STA CRUS    04182120SAO PAULO      SP0000000000000000                                        000                            
0010001300129P 010595600000000400378 0000000000000000000010 002506           19092016000000001.4316400000 02A0709201612009201600000000000000000000000000000000000000000000000000000000000000000000000000000000000000000025062050000090000000000 
0010001300130Q 011000080598021868DIVA CHRISTIANO DINI                    RUA ANGELO PESSOTTI, 345                ASSUNCAO       09811060S B DO CAMPO   SP0000000000000000                                        000                            
0010001300131P 010595600000000400378 0000000000000000000010 002507           1909201600000000001070600000 02A0709201612009201600000000000000000000000000000000000000000000000000000000000000000000000000000000000000000025072050000090000000000 
0010001300132Q 011000029464020881FABIO LOURIVALDO DA SILVA               RUA PAES DE ANDRADE, 28                 FERRAZOPOLIS   09781650SAO B DO CAMPO SP0000000000000000                                        000                            
0010001300133P 010595600000000400378 0000000000000000000010 002508           1909201600000000009731500000 02A0709201612009201600000000000000000000000000000000000000000000000000000000000000000000000000000000000000000025082050000090000000000 
0010001300134Q 011000010822930838MARIA DE LOURDES CAMARGO                RUA DOS COQUEIROS,535 APTO 26           CAMPESTRE      09080010SANTO ANDRE    SP0000000000000000                                        000                            
0010001300135P 010595600000000400378 0000000000000000000010 002509           19092016000000001.2223100000 02A0709201612009201600000000000000000000000000000000000000000000000000000000000000000000000000000000000000000025092050000090000000000 
0010001300136Q 011000090390024872MARLENE FIDELIS DA SILVA                RUA NOSSA SENHORA DE FATIMA, 953        STA PAULA      09540100SAO CAET SUL   SP0000000000000000                                        000                            
0010001300137P 010595600000000400378 0000000000000000000010 002510           1909201600000000002587800000 02A0709201612009201600000000000000000000000000000000000000000000000000000000000000000000000000000000000000000025102050000090000000000 
0010001300138Q 011000016174494829KATIA DOS SANTOS                        R NOSA SRA BOM CONSELHO,451AP17,BLOCO E CAMPO LIMPO    05763470SAO PAULO      SP0000000000000000                                        000                            
0010001300139P 010595600000000400378 0000000000000000000010 002511           1909201600000000009406800000 02A0709201612009201600000000000000000000000000000000000000000000000000000000000000000000000000000000000000000025112050000090000000000 
0010001300140Q 011000013009897855EDSON CONCEICAO DO NASCIMENTO           R JOAO MATEUS RINDON, 294               PQ SAO RAFAEL  08320240SAO PAULO      SP0000000000000000                                        000                            
0010001300141P 010595600000000400378 0000000000000000000010 002512           1909201600000000004353200000 02A0709201612009201600000000000000000000000000000000000000000000000000000000000000000000000000000000000000000025122050000090000000000 
0010001300142Q 011000019077944842ADRIANA FATORE B LUTKUS                 R PITANGUI, 36                          TATUAPE        03077090SAO PAULO      SP0000000000000000                                        000                            
0010001300143P 010595600000000400378 0000000000000000000010 002513           1909201600000000003101300000 02A0709201612009201600000000000000000000000000000000000000000000000000000000000000000000000000000000000000000025132050000090000000000 
0010001300144Q 011000012984130871MARCELO RIBEIRO                         R COLONIAL DO IRAI, 328                 JD MAGGI       02982110SAO PAULO      SP0000000000000000                                        000                            
0010001300145P 010595600000000400378 0000000000000000000010 002514           1909201600000000002072500000 02A0709201612009201600000000000000000000000000000000000000000000000000000000000000000000000000000000000000000025142050000090000000000 
0010001300146Q 011000099556430806CLARA ADELA ZIZKA                       R 3 MOSQUETEIROS, 140                   RUDGE RAMOS    09619160SAO B DO CAMPO SP0000000000000000                                        000                            
0010001300147P 010595600000000400378 0000000000000000000010 002515           1909201600000000003840900000 02A0709201612009201600000000000000000000000000000000000000000000000000000000000000000000000000000000000000000025152050000090000000000 
0010001300148Q 011000005792490856ROGERIO DELGADO DE AGUILAR              R AUGUSTO CARLOS BAUMAN, 1033           ITAQUERA       08210590SAO PAULO      SP0000000000000000                                        000                            
0010001300149P 010595600000000400378 0000000000000000000010 002516           19092016000000002.8669600000 02A0709201612009201600000000000000000000000000000000000000000000000000000000000000000000000000000000000000000025162050000090000000000 
0010001300150Q 011000021924287820SONIA MARIA FERNANDES N SILVA           RUA CATIPARA, 49                        BROKLIN NOVO   04561060SAO PAULO      SP0000000000000000                                        000                            
0010001300151P 010595600000000400378 0000000000000000000010 002517           19092016000000001.0460700000 02A0709201612009201600000000000000000000000000000000000000000000000000000000000000000000000000000000000000000025172050000090000000000 
0010001300152Q 011000003959642881EDI CANDIDA SOUZA DA SILVA              R FRANCISCO OLAVO DE ASSIS, 165         VL PIAUI       05109070SAO PAULO      SP0000000000000000                                        000                            
0010001300153P 010595600000000400378 0000000000000000000010 002518           1909201600000000006282000000 02A0709201612009201600000000000000000000000000000000000000000000000000000000000000000000000000000000000000000025182050000090000000000 
0010001300154Q 011000061214434800CLAUDINE MARIA FERIANCE DE CHECHI       AV PADRE ARUNDO VIEIRA, 3175 AP,BLOCO B JD VERGUEIRO   04166003SAO PAULO      SP0000000000000000                                        000                            
0010001300155P 010595600000000400378 0000000000000000000010 002519           1909201600000000003709000000 02A0709201612009201600000000000000000000000000000000000000000000000000000000000000000000000000000000000000000025192050000090000000000 
0010001300156Q 011000025004334803MARIA APARECIDA LOPES DAS NEVES         AV CLAVASIO ALVES DA SILVA, 296         LIMAO          02722030SAO PAULO      SP0000000000000000                                        000                            
0010001300157P 010595600000000400378 0000000000000000000010 002520           1909201600000000002695600000 02A0709201612009201600000000000000000000000000000000000000000000000000000000000000000000000000000000000000000025202050000090000000000 
0010001300158Q 011000003838450841MARCOS ANTONIO DOS SANTOS               R ITUIUTABA, 60                         JD CRISTIANE   09185230STO ANDRE      SP0000000000000000                                        000                            
0010001300159P 010595600000000400378 0000000000000000000010 002521           19092016000000002.0547900000 02A0709201612009201600000000000000000000000000000000000000000000000000000000000000000000000000000000000000000025212050000090000000000 
0010001300160Q 011000001192409809ALLAN KARDEC MACIEL BINDES              R DRIADES 180 BLOCO 1 APTO 04           S MIGUEL PTA   08040460SAO PAULO      SP0000000000000000                                        000                            
0010001300161P 010595600000000400378 0000000000000000000010 002522           19092016000000001.4316400000 02A0709201612009201600000000000000000000000000000000000000000000000000000000000000000000000000000000000000000025222050000090000000000 
0010001300162Q 011000000238262820MARIA APARECIDA G CAOBIANCO             R HEITOR PENTEADO, 1540 AP 92           SUMAREZINHO    05438200SAO PAULO      SP0000000000000000                                        000                            
0010001300163P 010595600000000400378 0000000000000000000010 002523           1909201600000000003543800000 02A0709201612009201600000000000000000000000000000000000000000000000000000000000000000000000000000000000000000025232050000090000000000 
0010001300164Q 011000012383216828RITA DE CASSIA FERRARI                  RUA RODRIGUES MONTEMOR, 52              CIDADE DOMITILA04387000SAO PAULO      SP0000000000000000                                        000                            
0010001300165P 010595600000000400378 0000000000000000000010 002524           1909201600000000006026300000 02A0709201612009201600000000000000000000000000000000000000000000000000000000000000000000000000000000000000000025242050000090000000000 
0010001300166Q 011000010554429870MARIA CRISTINA COMEGE                   R PROF EUNICE BELCHADA OLIVEIRA,792     CAPAO REDONDO  05884150SAO PAULO      SP0000000000000000                                        000                            
0010001300167P 010595600000000400378 0000000000000000000010 002525           1909201600000000003955700000 02A0709201612009201600000000000000000000000000000000000000000000000000000000000000000000000000000000000000000025252050000090000000000 
0010001300168Q 011000003322325814ALEXANDRE ARCANJO AVARESE               R GERALDO PIRES SANTOS GONCALVES14,AP85 JD SAO PAULO   05843230SAO PAULO      SP0000000000000000                                        000                            
0010001300169P 010595600000000400378 0000000000000000000010 002526           1909201600000000003342500000 02A0709201612009201600000000000000000000000000000000000000000000000000000000000000000000000000000000000000000025262050000090000000000 
0010001300170Q 011000025594670890GIOVANA DE FIGUEIREDO FERREIRA          RUA PROFESSOR TULIO ASCARELLI 192       VL MADALENA    05449020SAO PAULO      SP0000000000000000                                        000                            
0010001300171P 010595600000000400378 0000000000000000000010 002527           19092016000000001.6676500000 02A0709201612009201600000000000000000000000000000000000000000000000000000000000000000000000000000000000000000025272050000090000000000 
0010001300172Q 011000059859326800AMAURI VITTORINO DA SILVA               R SASSAKI, 50  APTO 83                  VL MARARI      04403000SAO PAULO      SP0000000000000000                                        000                            
0010001300173P 010595600000000400378 0000000000000000000010 002528           1909201600000000004741200000 02A0709201612009201600000000000000000000000000000000000000000000000000000000000000000000000000000000000000000025282050000090000000000 
0010001300174Q 011000025319188846LUCIANA APARECIDA DE OLIVEIRA ALVES     R NELSON BUENO, 148                     PONTE RASA     03882120SAO PAULO      SP0000000000000000                                        000                            
0010001300175P 010595600000000400378 0000000000000000000010 002529           19092016000000001.2223100000 02A0709201612009201600000000000000000000000000000000000000000000000000000000000000000000000000000000000000000025292050000090000000000 
0010001300176Q 011000000829742840DULCINEIA CAIAFA S DE ANDRADE           RUA PIRES DA MOTA, 30 AP 101            ACLIMACAO      01529000SAO PAULO      SP0000000000000000                                        000                            
0010001300177P 010595600000000400378 0000000000000000000010 002530           1909201600000000005545600000 02A0709201612009201600000000000000000000000000000000000000000000000000000000000000000000000000000000000000000025302050000090000000000 
0010001300178Q 011000003698338807MARIA CRISTINA ORTIZ                    AV ORDEM E PROGRESSO, 1236 24 A         CASA VERDE     02518130SAO PAULO      SP0000000000000000                                        000                            
0010001300179P 010595600000000400378 0000000000000000000010 002531           1909201600000000006737500000 02A0709201612009201600000000000000000000000000000000000000000000000000000000000000000000000000000000000000000025312050000090000000000 
0010001300180Q 011000091503779815ESTHER CAMBESES POLANEO                 R BARAO DE LIMEIRA, 761 AP 60           CAMPOS ELISIOS 01202002SAO PAULO      SP0000000000000000                                        000                            
0010001300181P 010595600000000400378 0000000000000000000010 002532           1909201600000000003095100000 02A0709201612009201600000000000000000000000000000000000000000000000000000000000000000000000000000000000000000025322050000090000000000 
0010001300182Q 011000011113586800DORALICE DE OLIVEIRA PEREIRA            RUA DOS IPES, 26                        CH CANTA GALO  06711330COTIA          SP0000000000000000                                        000                            
0010001300183P 010595600000000400378 0000000000000000000010 002533           1909201600000000006781400000 02A0709201612009201600000000000000000000000000000000000000000000000000000000000000000000000000000000000000000025332050000090000000000 
0010001300184Q 011000012445326818NORMA FERREIRA DE OLIVEIRA              R JOSE LINS DO REGO, 556                VL VALPARAISO  09060310STO ANDRE      SP0000000000000000                                        000                            
0010001300185P 010595600000000400378 0000000000000000000010 002534           19092016000000001.2819500000 02A0709201612009201600000000000000000000000000000000000000000000000000000000000000000000000000000000000000000025342050000090000000000 
0010001300186Q 011000042399238672MARIA LUCIA SILVA L CABRAL              R CHICO MENDES, 84                      JD ORQUIDEAS   09854380SAO B DO CAMPO SP0000000000000000                                        000                            
0010001300187P 010595600000000400378 0000000000000000000010 002535           19092016000000002.5358700000 02A0709201612009201600000000000000000000000000000000000000000000000000000000000000000000000000000000000000000025352050000090000000000 
0010001300188Q 011000015607077802MARIA LENI DO NASCIMENTO OLIVEIRA       R EMILIO BOIAGO, 292                    VILA ANA       09340060MAUA           SP0000000000000000                                        000                            
0010001300189P 010595600000000400378 0000000000000000000010 002536           1909201600000000003644500000 02A0709201612009201600000000000000000000000000000000000000000000000000000000000000000000000000000000000000000025362050000090000000000 
0010001300190Q 011000019252261826WEBWE FERREIRA CANDIDO                  R BELINO BRANCALION, 439                JD ZAIRA       09320560MAUA           SP0000000000000000                                        000                            
0010001300191P 010595600000000400378 0000000000000000000010 002537           19092016000000001.2574900000 02A0709201612009201600000000000000000000000000000000000000000000000000000000000000000000000000000000000000000025372050000090000000000 
0010001300192Q 011000018964717813SILVIA HELENA W CRUZ                    R DR ARTHUR CORDEIRO, 898               VELEIROS       04774080SAO PAULO      SP0000000000000000                                        000                            
0010001300193P 010595600000000400378 0000000000000000000010 002538           1909201600000000001711300000 02A0709201612009201600000000000000000000000000000000000000000000000000000000000000000000000000000000000000000025382050000090000000000 
0010001300194Q 011000002178697852VERA LUCIA LOURENCO                     R MONSENHOR ANTONIO PEPI, 251           PQ JABAQUARA   04357080SAO PAULO      SP0000000000000000                                        000                            
0010001300195P 010595600000000400378 0000000000000000000010 002539           1909201600000000005514400000 02A0709201612009201600000000000000000000000000000000000000000000000000000000000000000000000000000000000000000025392050000090000000000 
0010001300196Q 011000014512229809APARECIDA PEREIRA SALES PORTERO         RUA ITAPEVA, 13                         JD DOM JOSE    06824024EMBU DAS ARTES SP0000000000000000                                        000                            
0010001300197P 010595600000000400378 0000000000000000000010 002540           1909201600000000000744500000 02A0709201612009201600000000000000000000000000000000000000000000000000000000000000000000000000000000000000000025402050000090000000000 
0010001300198Q 011000031798514818LEANDRO DE SOUSA MOTA                   R RINALDO DE HANDEL,S/N BL 16 AP21A     CHC SANTANA    05821140SAO PAULO      SP0000000000000000                                        000                            
0010001300199P 010595600000000400378 0000000000000000000010 002541           1909201600000000004423500000 02A0709201612009201600000000000000000000000000000000000000000000000000000000000000000000000000000000000000000025412050000090000000000 
0010001300200Q 011000011824199848SANDRO ROGERIO P DA SILVA               R IGARAPAVA, 45                         JD GABRIELA    06449400BARUERI        SP0000000000000000                                        000                            
0010001300201P 010595600000000400378 0000000000000000000010 002542           1909201600000000004902800000 02A0709201612009201600000000000000000000000000000000000000000000000000000000000000000000000000000000000000000025422050000090000000000 
0010001300202Q 011000030951255851MARIA COSTA BARBOSA DE SOUZA            RUA RAPOSO TAVARES, 3175 AP 63 6AND     BUTANTA        04704110SAO PAULO      SP0000000000000000                                        000                            
0010001300203P 010595600000000400378 0000000000000000000010 002543           1909201600000000004101800000 02A0709201612009201600000000000000000000000000000000000000000000000000000000000000000000000000000000000000000025432050000090000000000 
0010001300204Q 011000004575259837MAISA CRISTINA CARVALHO                 RUA BETA, 127                           VL MAZZEI      09172520STO ANDRE      SP0000000000000000                                        000                            
0010001300205P 010595600000000400378 0000000000000000000010 002544           1909201600000000005884000000 02A0709201612009201600000000000000000000000000000000000000000000000000000000000000000000000000000000000000000025442050000090000000000 
0010001300206Q 011000003500573894CONCEICAO FERNANDES PEREIRA             R ILHA DE SANTA ANA, 286                ITAQUERA       08270350SAO PAULO      SP0000000000000000                                        000                            
0010001300207P 010595600000000400378 0000000000000000000010 002545           19092016000000002.0864400000 02A0709201612009201600000000000000000000000000000000000000000000000000000000000000000000000000000000000000000025452050000090000000000 
0010001300208Q 011000007269224803LAERCIO SANGIORATTO                     RUA ARALDO ARMANI, 336                  VL SAO SILVERIO09895740S B DO CAMPO   SP0000000000000000                                        000                            
0010001300209P 010595600000000400378 0000000000000000000010 002546           1909201600000000003342500000 02A0709201612009201600000000000000000000000000000000000000000000000000000000000000000000000000000000000000000025462050000090000000000 
0010001300210Q 011000016770309840PAULA APARECIDA DE A C DA SILVA         R IPE, 563 BL 24 AP 107                 JD ESTRELA     09340570MAUA           SP0000000000000000                                        000                            
0010001300211P 010595600000000400378 0000000000000000000010 002547           19092016000000001.2223100000 02A0709201612009201600000000000000000000000000000000000000000000000000000000000000000000000000000000000000000025472050000090000000000 
0010001300212Q 011000093934351891MARIA ANGELA P GLINGANI                 R MACIEL MONTEIRO, 68                   VAL PARAISO    09060010STO ANDRE      SP0000000000000000                                        000                            
0010001300213P 010595600000000400378 0000000000000000000010 002548           1909201600000000008810800000 02A0709201612009201600000000000000000000000000000000000000000000000000000000000000000000000000000000000000000025482050000090000000000 
0010001300214Q 011000003625717832MARIA TERESA MALDONADO                  R ALFREDO SCORPELLI, 43 AP 102          JD YRAJA       09781370SAO B DO CAMPO SP0000000000000000                                        000                            
0010001300215P 010595600000000400378 0000000000000000000010 002549           1909201600000000001213500000 02A0709201612009201600000000000000000000000000000000000000000000000000000000000000000000000000000000000000000025492050000090000000000 
0010001300216Q 011000016476928813ROSANA CRISTINA CHAGAS                  RUA DAS CAPITANIAS, 145                 JD TELES MENEZE09171010STO ANDRE      SP0000000000000000                                        000                            
0010001300217P 010595600000000400378 0000000000000000000010 002550           1909201600000000003183200000 02A0709201612009201600000000000000000000000000000000000000000000000000000000000000000000000000000000000000000025502050000090000000000 
0010001300218Q 011000004020876827HELENILDA BRITO S DE SOUZA              RUA RUST, 46                            ELDORADO       04476120SAO PAULO      SP0000000000000000                                        000                            
0010001300219P 010595600000000400378 0000000000000000000010 002551           1909201600000000003662900000 02A0709201612009201600000000000000000000000000000000000000000000000000000000000000000000000000000000000000000025512050000090000000000 
0010001300220Q 011000030002259869LIDIANE BORGES LEAL                     RUA HOLDA BOPPO MALNACONI,63            JD DUPRAT      05853310SAO PAULO      SP0000000000000000                                        000                            
0010001300221P 010595600000000400378 0000000000000000000010 002552           1909201600000000003657200000 02A0709201612009201600000000000000000000000000000000000000000000000000000000000000000000000000000000000000000025522050000090000000000 
0010001300222Q 011000003225560820MARCIA APARECIDA BONOME GARCIA          RBUCUITUBA, 1397                        VL DIVA        03276010SAO PAULO      SP0000000000000000                                        000                            
0010001300223P 010595600000000400378 0000000000000000000010 002553           1909201600000000009908400000 02A0709201612009201600000000000000000000000000000000000000000000000000000000000000000000000000000000000000000025532050000090000000000 
0010001300224Q 011000007288765822ANTONIA HONORATO DA SILVA               R MARIO ALVES DE SOUZA VIEIRA, 14       JD GUAIAMBU    04814520SAO PAULO      SP0000000000000000                                        000                            
0010001300225P 010595600000000400378 0000000000000000000010 002554           1909201600000000003948800000 02A0709201612009201600000000000000000000000000000000000000000000000000000000000000000000000000000000000000000025542050000090000000000 
0010001300226Q 011000006109266833MATILDE DA SILVA CAMARGO                R FRANCISCO ASSIS FERREIRA BRITO 23,CSB ALVIGIAS       09850462SAO B DO CAMPO SP0000000000000000                                        000                            
0010001300227P 010595600000000400378 0000000000000000000010 002555           19092016000000001.7022800000 02A0709201612009201600000000000000000000000000000000000000000000000000000000000000000000000000000000000000000025552050000090000000000 
0010001300228Q 011000006053076872GERALDO DE JESUS CAMPOS                 R WALDEMAR PERES AGUILAR, 253           JD CALUX       09895580SAO B DO CAMPO SP0000000000000000                                        000                            
0010001300229P 010595600000000400378 0000000000000000000010 002556           1909201600000000000894800000 02A0709201612009201600000000000000000000000000000000000000000000000000000000000000000000000000000000000000000025562050000090000000000 
0010001300230Q 011000021760178896MARIA HELENA FELIPE DE OLIVEIRA         R PRINCIPE HUMBERTO , 671 AP 17         CAMPESTRE      09725200SAO B DO CAMPO SP0000000000000000                                        000                            
0010001300231P 010595600000000400378 0000000000000000000010 002557           1909201600000000003355300000 02A0709201612009201600000000000000000000000000000000000000000000000000000000000000000000000000000000000000000025572050000090000000000 
0010001300232Q 011000058446036649GUALDINA LIENICE SANTOS                 ESTRADA DOS MIRANTES, 505 CASA 08       JD MARIADUART  05752001SAO PAULO      SP0000000000000000                                        000                            
0010001300233P 010595600000000400378 0000000000000000000010 002558           1909201600000000001702300000 02A0709201612009201600000000000000000000000000000000000000000000000000000000000000000000000000000000000000000025582050000090000000000 
0010001300234Q 011000002863817884MARILDA MARTINS                         R ANHEMBI, 172A APTO 04                 JACATUBA       09291130STO ANDRE      SP0000000000000000                                        000                            
0010001300235P 010595600000000400378 0000000000000000000010 002559           1909201600000000004424500000 02A0709201612009201600000000000000000000000000000000000000000000000000000000000000000000000000000000000000000025592050000090000000000 
0010001300236Q 011000002248059833ELIANE LEITE                            E MINAS HEVALDIAN,81                    STA TEREZINHA  02450030SAO PAULO      SP0000000000000000                                        000                            
0010001300237P 010595600000000400378 0000000000000000000010 002560           1909201600000000000692100000 02A0709201612009201600000000000000000000000000000000000000000000000000000000000000000000000000000000000000000025602050000090000000000 
0010001300238Q 011000012581855800CLEIZER AMORIM OLIVEIRA                 R ADELFA DE FIGUEIREDO, 135             MANDAQUI       02417130SAO PAULO      SP0000000000000000                                        000                            
0010001300239P 010595600000000400378 0000000000000000000010 002561           1909201600000000002900500000 02A0709201612009201600000000000000000000000000000000000000000000000000000000000000000000000000000000000000000025612050000090000000000 
0010001300240Q 011000064884058887CLOVIS ALVES DE CASTRO                  RUA JAPAO, 697                          PQ DAS NACOES  09240170STO ANDRE      SP0000000000000000                                        000                            
0010001300241P 010595600000000400378 0000000000000000000010 002562           1909201600000000000807300000 02A0709201612009201600000000000000000000000000000000000000000000000000000000000000000000000000000000000000000025622050000090000000000 
0010001300242Q 011000019257636844MARIA ISABEL DE LUCCA                   R ANTONIO FREGONESI, 74                 JD PALERMO     09780590SAO B DO CAMPO SP0000000000000000                                        000                            
0010001300243P 010595600000000400378 0000000000000000000010 002563           19092016000000002.5352100000 02A0709201612009201600000000000000000000000000000000000000000000000000000000000000000000000000000000000000000025632050000090000000000 
0010001300244Q 011000095426264872HILDA CARREIRA CORTEZ                   R BRASILIO MACHADO, 160                 PRINC DE GALES 09060700STO ANDRE      SP0000000000000000                                        000                            
0010001300245P 010595600000000400378 0000000000000000000010 002564           1909201600000000003843900000 02A0709201612009201600000000000000000000000000000000000000000000000000000000000000000000000000000000000000000025642050000090000000000 
0010001300246Q 011000001454008830MARIA IZABEL PORTELA DOS SANTOS         AV DAMACENO VIEIRA, 446                 VL MASCOTE     04363040SAO PAULO      SP0000000000000000                                        000                            
0010001300247P 010595600000000400378 0000000000000000000010 002565           19092016000000002.2126400000 02A0709201612009201600000000000000000000000000000000000000000000000000000000000000000000000000000000000000000025652050000090000000000 
0010001300248Q 011000000896336875MAGALI JORGE DOS SANTOS VICTORINO       RUA BOLIVIA 829                         PQ DAS NACOES  09280290STO ANDRE      SP0000000000000000                                        000                            
0010001300249P 010595600000000400378 0000000000000000000010 002566           1909201600000000001847700000 02A0709201612009201600000000000000000000000000000000000000000000000000000000000000000000000000000000000000000025662050000090000000000 
0010001300250Q 011000024590382830JULIA BIO RAZORI DA SILVA               R DESEMBARGADOR DARIO RES CAMP MAIA,208 V VERD PIRITUBA05171520SAO PAULO      SP0000000000000000                                        000                            
0010001300251P 010595600000000400378 0000000000000000000010 002567           19092016000000001.4105100000 02A0709201612009201600000000000000000000000000000000000000000000000000000000000000000000000000000000000000000025672050000090000000000 
0010001300252Q 011000012931203831VANIA CRISTINA DE SOUZA                 RUA GERALDO ALVES DE CARVALHO 67        VL MARINA      02967010SAO PAULO      SP0000000000000000                                        000                            
0010001300253P 010595600000000400378 0000000000000000000010 002568           1909201600000000001268900000 02A0709201612009201600000000000000000000000000000000000000000000000000000000000000000000000000000000000000000025682050000090000000000 
0010001300254Q 011000029650441832GLAUBER DELGADO                         RUA AVRE, 234 AP 13                     BAETA NEVES    09751060SAO B DO CAMPO SP0000000000000000                                        000                            
0010001300255P 010595600000000400378 0000000000000000000010 002569           1909201600000000006461300000 02A0709201612009201600000000000000000000000000000000000000000000000000000000000000000000000000000000000000000025692050000090000000000 
0010001300256Q 011000003999808810MARIA LUCIA GOURLART SIQUEIRA           LARGO DO AROUCHE, 187 AP 71,BLOCO ,     STA EFIGENIA   01219011SAO PAULO      SP0000000000000000                                        000                            
0010001300257P 010595600000000400378 0000000000000000000010 002570           19092016000000001.2822000000 02A0709201612009201600000000000000000000000000000000000000000000000000000000000000000000000000000000000000000025702050000090000000000 
0010001300258Q 011000030367388863MERCEDES VATAN DOS SANTOS               R PORTO MARTINS, 56                     BROOKLIM       04570140SAO PAULO      SP0000000000000000                                        000                            
0010001300259P 010595600000000400378 0000000000000000000010 002571           1909201600000000001853300000 02A0709201612009201600000000000000000000000000000000000000000000000000000000000000000000000000000000000000000025712050000090000000000 
0010001300260Q 011000001101535881ISAAC  JUVINO LIMA SOBRINHO             R BARATA RIBEIRO, 284 AP 114            BELA VISTA     01308000SAO PAULO      SP0000000000000000                                        000                            
0010001300261P 010595600000000400378 0000000000000000000010 002572           1909201600000000002872300000 02A0709201612009201600000000000000000000000000000000000000000000000000000000000000000000000000000000000000000025722050000090000000000 
0010001300262Q 011000020384071856FLORA APARECIDA A CAVALOTTI             RUA MINISTRO FONSECA FILHO,75           JACANA         02272030SAO PAULO      SP0000000000000000                                        000                            
0010001300263P 010595600000000400378 0000000000000000000010 002573           1909201600000000005602000000 02A0709201612009201600000000000000000000000000000000000000000000000000000000000000000000000000000000000000000025732050000090000000000 
0010001300264Q 011000006415709887ANA MARIA BASAGLIA ELIAN                AV BRASILIO PEREIRA DE MELO, 449        V DALILA       03522000SAO PAULO      SP0000000000000000                                        000                            
0010001300265P 010595600000000400378 0000000000000000000010 002574           1909201600000000002193300000 02A0709201612009201600000000000000000000000000000000000000000000000000000000000000000000000000000000000000000025742050000090000000000 
0010001300266Q 011000026332602848NALMA ALVES BELEM                       RUA STA TEREZA, 51                      JS STA RITA    09940160DIADEMA        SP0000000000000000                                        000                            
0010001300267P 010595600000000400378 0000000000000000000010 002575           1909201600000000001101200000 02A0709201612009201600000000000000000000000000000000000000000000000000000000000000000000000000000000000000000025752050000090000000000 
0010001300268Q 011000007635655809HELAINE ZILDA V LINO                    R PROF ABIGAIL ALVES PIRES, 379         RIO PEQUENO    05381000SAO PAULO      SP0000000000000000                                        000                            
0010001300269P 010595600000000400378 0000000000000000000010 002576           1909201600000000001172300000 02A0709201612009201600000000000000000000000000000000000000000000000000000000000000000000000000000000000000000025762050000090000000000 
0010001300270Q 011000021481200852VANDSON SILVA DEL REI                   PASSAGEM JOAO ANTONIO LOPES, 120        ELDORADO       09971485DIADEMA        SP0000000000000000                                        000                            
0010001300271P 010595600000000400378 0000000000000000000010 002577           1909201600000000001701500000 02A0709201612009201600000000000000000000000000000000000000000000000000000000000000000000000000000000000000000025772050000090000000000 
0010001300272Q 011000027795464840PAULO SERGIO L DE PAULA                 RUA ALENCAR DE ARARIPE, 1145 BL2,176    SACOMA         04253000SAO PAULO      SP0000000000000000                                        000                            
0010001300273P 010595600000000400378 0000000000000000000010 002578           1909201600000000001299600000 02A0709201612009201600000000000000000000000000000000000000000000000000000000000000000000000000000000000000000025782050000090000000000 
0010001300274Q 011000031272767884SHEILA DE PAULA OSORIO                  R JOSE TAVARES BASTOS, 242 C 01         V SAO JOSE     09790510SAO B DO CAMPO SP0000000000000000                                        000                            
0010001300275P 010595600000000400378 0000000000000000000010 002579           1909201600000000002479100000 02A0709201612009201600000000000000000000000000000000000000000000000000000000000000000000000000000000000000000025792050000090000000000 
0010001300276Q 011000014653167877SAMIRA FERNANDES                        R ENG SA FREIRE, 221                    JD ANGELA      03985070SAO PAULO      SP0000000000000000                                        000                            
0010001300277P 010595600000000400378 0000000000000000000010 002580           1909201600000000001108300000 02A0709201612009201600000000000000000000000000000000000000000000000000000000000000000000000000000000000000000025802050000090000000000 
0010001300278Q 011000011142238830EDSON BISCARDIN                         RUA INGA, 1262                          JD ESTADIO     09175020STO ANDRE      SP0000000000000000                                        000                            
0010001300279P 010595600000000400378 0000000000000000000010 002581           1909201600000000001800300000 02A0709201612009201600000000000000000000000000000000000000000000000000000000000000000000000000000000000000000025812050000090000000000 
0010001300280Q 011000028181965825ELISANDRA CASTILHOS DE ALMEIDA          AV CELSO GARCIA, 1907 BL 09 AP 54       BELENZINHO     03015000SAO PAULO      SP0000000000000000                                        000                            
0010001300281P 010595600000000400378 0000000000000000000010 002582           1909201600000000002840200000 02A0709201612009201600000000000000000000000000000000000000000000000000000000000000000000000000000000000000000025822050000090000000000 
0010001300282Q 011000003779956810MARIA PETRUCIA DOS SANTOS               R ALBANO CASSIO, 12                     VL CONSTANCIA  02258020SAO PAULO      SP0000000000000000                                        000                            
0010001300283P 010595600000000400378 0000000000000000000010 002583           1909201600000000006461300000 02A0709201612009201600000000000000000000000000000000000000000000000000000000000000000000000000000000000000000025832050000090000000000 
0010001300284Q 011000028152942812FERNANDA MELLO DEMAI                    R PEDRO TAQUES, 99 APTO 42              CONSOLACAO     01415010SAO PAULO      SP0000000000000000                                        000                            
0010001300285P 010595600000000400378 0000000000000000000010 002584           19092016000000002.8440100000 02A0709201612009201600000000000000000000000000000000000000000000000000000000000000000000000000000000000000000025842050000090000000000 
0010001300286Q 011000065949684834MARIA MARLENE T COSTA                   RUA DOMINGOS DE MORAIS, 70 AP 32        VL MARIANA     04010000SAO PAULO      SP0000000000000000                                        000                            
0010001300287P 010595600000000400378 0000000000000000000010 002585           19092016000000001.0893500000 02A0709201612009201600000000000000000000000000000000000000000000000000000000000000000000000000000000000000000025852050000090000000000 
0010001300288Q 011000000675098866JUREMA AUGUSTO DE S SILVA               R HANNA ABDUCH, 268                     FREGUESIA DO O 02726020SAO PAULO      SP0000000000000000                                        000                            
0010001300289P 010595600000000400378 0000000000000000000010 002586           1909201600000000007441400000 02A0709201612009201600000000000000000000000000000000000000000000000000000000000000000000000000000000000000000025862050000090000000000 
0010001300290Q 011000029008492849IARA GONCALVES CALDEIRA                 R CASPER LIBERO, 1605 BL 02 AP 12       VL PAULICEIA   09691300SAO B DO CAMPO SP0000000000000000                                        000                            
0010001300291P 010595600000000400378 0000000000000000000010 002587           1909201600000000001756200000 02A0709201612009201600000000000000000000000000000000000000000000000000000000000000000000000000000000000000000025872050000090000000000 
0010001300292Q 011000014933076812GERALDO BARBOSA DA SILVA JUNIOR         RUA LUIZ GUIMARAES, 204 CASA 02         BANGU          09280680SANTO ANDRE    SP0000000000000000                                        000                            
0010001300293P 010595600000000400378 0000000000000000000010 002588           19092016000000001.7356600000 02A0709201612009201600000000000000000000000000000000000000000000000000000000000000000000000000000000000000000025882050000090000000000 
0010001300294Q 011000068974000849CLEUNICE PRAEIRO DE LIMA                RUA ALMERINA CEMOLINE REBULOI, 213      VL PAULICEIA   09690040SAO B DO CAMPO SP0000000000000000                                        000                            
0010001300295P 010595600000000400378 0000000000000000000010 002589           19092016000000001.5925200000 02A0709201612009201600000000000000000000000000000000000000000000000000000000000000000000000000000000000000000025892050000090000000000 
0010001300296Q 011000022471526861GISELE CORREA DA SILVA                  AV PONEY CLUB, 01428                    ORQUIDEAS      09853005SAO B DO CAMPO SP0000000000000000                                        000                            
0010001300297P 010595600000000400378 0000000000000000000010 002591           1909201600000000000745400000 02A0709201612009201600000000000000000000000000000000000000000000000000000000000000000000000000000000000000000025912050000090000000000 
0010001300298Q 011000022309191809RODRIGO MARCONDES RAMALHO               R BAURU, 610                            BAETA NEVES    09751440SAO B CAMPO    SP0000000000000000                                        000                            
0010001300299P 010595600000000400378 0000000000000000000010 002590           1909201600000000001059600000 02A0709201612009201600000000000000000000000000000000000000000000000000000000000000000000000000000000000000000025902050000090000000000 
0010001300300Q 011000014061025805MEIRE REGINA DE LIMA                    RUA SAPUCAI, 72                         RUDGE RAMOS    09616040SAO B CAMPO    SP0000000000000000                                        000                            
0010001300301P 010595600000000400378 0000000000000000000010 002592           1909201600000000009694900000 02A0709201612009201600000000000000000000000000000000000000000000000000000000000000000000000000000000000000000025922050000090000000000 
0010001300302Q 011000006132497803CILA FERREIRA DE OLIVEIRA               AVMARECHAL JOAO B M MORAIS 1280,02      JD ROBERTO     06172280OSASCO         SP0000000000000000                                        000                            
0010001300303P 010595600000000400378 0000000000000000000010 002594           1909201600000000001762100000 02A0709201612009201600000000000000000000000000000000000000000000000000000000000000000000000000000000000000000025942050000090000000000 
0010001300304Q 011000014847275845GERSON COSMO DA SILVA                   RUA TURIACU, 112                        ALTO DA COLINA 06665315ITAPEVI        SP0000000000000000                                        000                            
0010001300305P 010595600000000400378 0000000000000000000010 002593           1909201600000000002889300000 02A0709201612009201600000000000000000000000000000000000000000000000000000000000000000000000000000000000000000025932050000090000000000 
0010001300306Q 011000070144311887JOAO CARLOS ELIAS                       RUA MARIA EUGENIA, 364 CASA 10          TATUAPE        03081030SAO PAULO      SP0000000000000000                                        000                            
0010001300307P 010595600000000400378 0000000000000000000010 002596           1909201600000000001071300000 02A0709201612009201600000000000000000000000000000000000000000000000000000000000000000000000000000000000000000025962050000090000000000 
0010001300308Q 011000028021702877DALILA DE CARVALHO SILVA GOIS           R JORGE LOPES ALONSO, 15                JD MIRIAM      04419040SAO PAULO      SP0000000000000000                                        000                            
0010001300309P 010595600000000400378 0000000000000000000010 002595           1909201600000000003710500000 02A0709201612009201600000000000000000000000000000000000000000000000000000000000000000000000000000000000000000025952050000090000000000 
0010001300310Q 011000055704263615VANETE ALVES MARTINS                    AV EDILU,92                             JD STO INACIO  09861400SAO B CAMPO    SP0000000000000000                                        000                            
0010001300311P 010595600000000400378 0000000000000000000010 002597           1909201600000000006461300000 02A0709201612009201600000000000000000000000000000000000000000000000000000000000000000000000000000000000000000025972050000090000000000 
0010001300312Q 011000011155445864SOFIA MARIA ZERVAS                      AV MIGUEL STEFANO,158 AP 13 BL A        SAUDE          04301000SAO PAULO      SP0000000000000000                                        000                            
0010001300313P 010595600000000400378 0000000000000000000010 002598           1909201600000000001344900000 02A0709201612009201600000000000000000000000000000000000000000000000000000000000000000000000000000000000000000025982050000090000000000 
0010001300314Q 011000030170253813CAMILA FINCO DE OLIVEIRA                R GREGORIA DE FREGEL, 380 AP 21BL27     NEW JERSEN     09811430SAO B CAMPO    SP0000000000000000                                        000                            
0010001300315P 010595600000000400378 0000000000000000000010 002599           1909201600000000001772900000 02A0709201612009201600000000000000000000000000000000000000000000000000000000000000000000000000000000000000000025992050000090000000000 
0010001300316Q 011000010779533801MARIA APARECIDA GARCIA                  R AMERICO V DE SOUZA  79                JD INDUSTRIAL  09761460SAO B CAMPO    SP0000000000000000                                        000                            
0010001300317P 010595600000000400378 0000000000000000000010 002600           1909201600000000004326400000 02A0709201612009201600000000000000000000000000000000000000000000000000000000000000000000000000000000000000000026002050000090000000000 
0010001300318Q 011000003486725866JANICE APARECIDA NAUM                   AV GOIAS 1672                           STO ANTONIO    09521300SAO C DO SUL   SP0000000000000000                                        000                            
0010001300319P 010595600000000400378 0000000000000000000010 002601           1909201600000000003655000000 02A0709201612009201600000000000000000000000000000000000000000000000000000000000000000000000000000000000000000026012050000090000000000 
0010001300320Q 011000025118826802REGIANA SOUSA SANTANA                   AV SETE DE SETEMBRO 299 AP 12 BL D      CENTRO         09912010DIADEMA        SP0000000000000000                                        000                            
0010001300321P 010595600000000400378 0000000000000000000010 002602           1909201600000000001344900000 02A0709201612009201600000000000000000000000000000000000000000000000000000000000000000000000000000000000000000026022050000090000000000 
0010001300322Q 011000041403304149ANTONIO BRIONO DA SILVA                 R WHASHINGTON LUIS, 220 AP 22           PQ 7 DE SETEMBO09910190DIADEMA        SP0000000000000000                                        000                            
0010001300323P 010595600000000400378 0000000000000000000010 002603           1909201600000000004326400000 02A0709201612009201600000000000000000000000000000000000000000000000000000000000000000000000000000000000000000026032050000090000000000 
0010001300324Q 011000005403474854PASCOAL PALADINI                        R CIQUEIRA CAMPO 301                    CENTRO         13840036MOGIGUACU      SP0000000000000000                                        000                            
0010001300325P 010595600000000400378 0000000000000000000010 002604           1909201600000000001151300000 02A0709201612009201600000000000000000000000000000000000000000000000000000000000000000000000000000000000000000026042050000090000000000 
0010001300326Q 011000028029085885ADRIANA APARECIDA DE MENEZES            RUA OSWALDO ELIAS , 48CASA 02           ITAPARK NOVO   09351445MAUA           SP0000000000000000                                        000                            
0010001300327P 010595600000000400378 0000000000000000000010 002605           1909201600000000002661700000 02A0709201612009201600000000000000000000000000000000000000000000000000000000000000000000000000000000000000000026052050000090000000000 
0010001300328Q 011000004020876827HELENILDA BRITO SANTOS DE SOUZA         RUA RUST, 46                            ELDORADO       04476120SAO PAULO      SP0000000000000000                                        000                            
0010001300329P 010595600000000400378 0000000000000000000010 002606           1909201600000000008658600000 02A0709201612009201600000000000000000000000000000000000000000000000000000000000000000000000000000000000000000026062050000090000000000 
0010001300330Q 011000004587366862MARIA APARECIDA DE MACEDO               R POSIDONIO, 83                         VL VIRGINIA    03289160SAO PAULO      SP0000000000000000                                        000                            
0010001300331P 010595600000000400378 0000000000000000000010 002607           19092016000000001.2400400000 02A0709201612009201600000000000000000000000000000000000000000000000000000000000000000000000000000000000000000026072050000090000000000 
0010001300332Q 011000003305886803MARILENE DE PAIVA MARTINS               RUA CORA CORALINA, 336                  JD ALTO INDUSTI09761210SAO B CAMPO    SP0000000000000000                                        000                            
00100015         000334                                                                                                                                                                                                                         
00199999         000001000336000000                                                                                                                                                                                                             