00100000         249938327000106002887755001411019  0595600000000400378 UBRASP                        BANCO DO BRASIL S.A.                    10707201613094000000000000000                                                                     
00100011R01  000 2049938327000106002887755001411019  0595600000000400378 UBRASP                                                                                                        000000000000000000000000                                 
0010001300001P 010595600000000400378 0000000000000000000010 00668            0708201600000000002705700000 02A0707201610808201600000000000000000000000000000000000000000000000000000000000000000000000000000000000000000006682050000090000000000 
0010001300002Q 011000000057968730HILCILENE SANTIAGO DE SOUZA             RUA QUIRIRIM,1101,BLOCO 02 AP 807       VILA VALQUEIRE 21330650RIO DE JANEIRO RJ0000000000000000                                        000                            
0010001300003P 010595600000000400378 0000000000000000000010 00669            0708201600000000002073000000 02A0707201610808201600000000000000000000000000000000000000000000000000000000000000000000000000000000000000000006692050000090000000000 
0010001300004Q 011000013979764702CHRISTOPHER DAUZACKER CREINDEL          RUA EMMANUEL PEREIRA DAS NEVES ,194,CASAPIRATININGA    24358170NITEROI        RJ0000000000000000                                        000                            
0010001300005P 010595600000000400378 0000000000000000000010 00670            0708201600000000002508000000 02A0707201610808201600000000000000000000000000000000000000000000000000000000000000000000000000000000000000000006702050000090000000000 
0010001300006Q 011000013676894731MIKAELA GAMELEIRA FRANCISCO             RUA SENADOR DANTAS,71,COBERTURA 03      CENTRO         20031202RIO DE JANEIRO RJ0000000000000000                                        000                            
0010001300007P 010595600000000400378 0000000000000000000010 00671            0708201600000000006604100000 02A0707201610808201600000000000000000000000000000000000000000000000000000000000000000000000000000000000000000006712050000090000000000 
0010001300008Q 011000013212486449NADJA DA COSTA MORAIS                   RUA NAUTICA,73,302                      COCOTA         21910350RIO DE JANEIRO RJ0000000000000000                                        000                            
0010001300009P 010595600000000400378 0000000000000000000010 00664            0707201600000000001270200000 02A0707201610807201600000000000000000000000000000000000000000000000000000000000000000000000000000000000000000006642050000090000000000 
0010001300010Q 011000019340339797JULIA SANTOS DE OLIVEIRA CARVALHO       RUA CACEQUI,140,CASA 01                 BRAS DE PINA   21210760RIO DE JANEIRO RJ0000000000000000                                        000                            
0010001300011P 010595600000000400378 0000000000000000000010 00665            0708201600000000001270200000 02A0707201610808201600000000000000000000000000000000000000000000000000000000000000000000000000000000000000000006652050000090000000000 
0010001300012Q 011000019340339797JULIA SANTOS DE OLIVEIRA CARVALHO       RUA CACEQUI,140,CASA 01                 BRAS DE PINA   21210760RIO DE JANEIRO RJ0000000000000000                                        000                            
0010001300013P 010595600000000400378 0000000000000000000010 00666            0707201600000000001104600000 02A0707201610807201600000000000000000000000000000000000000000000000000000000000000000000000000000000000000000006662050000090000000000 
0010001300014Q 011000013974581600ANNA BEATRIZ CELERGE  BARROSO NEVES     RUA ALMEIDA REIS,23,FUNDOS              CAVALCANTI     21370290RIO DE JANEIRO RJ0000000000000000                                        000                            
0010001300015P 010595600000000400378 0000000000000000000010 00667            0708201600000000001104600000 02A0707201610808201600000000000000000000000000000000000000000000000000000000000000000000000000000000000000000006672050000090000000000 
0010001300016Q 011000013974581600ANNA BEATRIZ CELERGE  BARROSO NEVES     RUA ALMEIDA REIS,23,FUNDOS              CAVALCANTI     21370290RIO DE JANEIRO RJ0000000000000000                                        000                            
0010001300017P 010595600000000400378 0000000000000000000010 00672            0708201600000000007593800000 02A0707201610808201600000000000000000000000000000000000000000000000000000000000000000000000000000000000000000006722050000090000000000 
0010001300018Q 011000026328348720RICARDO FONTA CRUZ                      RUA ALVARO RAMOS,89,AP 104              BOTAFOGO       22280110RIO DE JANEIRO RJ0000000000000000                                        000                            
0010001300019P 010595600000000400378 0000000000000000000010 00673            0708201600000000001536900000 02A0707201610808201600000000000000000000000000000000000000000000000000000000000000000000000000000000000000000006732050000090000000000 
0010001300020Q 011000012536273717NATHALIA CRISTINA GUILHERMINO GUIMARAES RUA BORJA REIS,1255,BLOCO 8 AP 304      ENGENHO DE DENT20745100RIO DE JANEIRO RJ0000000000000000                                        000                            
00100015         000022                                                                                                                                                                                                                         
00199999         000001000024000000                                                                                                                                                                                                             