00100000         249938327000106002887755001411019  0595600000000400378 UBRASP                        BANCO DO BRASIL S.A.                    12907201612053500000000000000                                                                     
00100011R01  000 2049938327000106002887755001411019  0595600000000400378 UBRASP                                                                                                        000000000000000000000000                                 
0010001300001P 010595600000000400378 0000000000000000000010 00777            0708201600000000004153500000 02A2907201610808201600000000000000000000000000000000000000000000000000000000000000000000000000000000000000000007772050000090000000000 
0010001300002Q 011000075721627700SANDRA REGINA FAILLACE                  RUA MARECHAL BITTENCOUR,S/N,120 A CASA 5RIACHUELO      20950200RIO DE JANEIRO RJ0000000000000000                                        000                            
0010001300003P 010595600000000400378 0000000000000000000010 00778            0709201600000000004153500000 02A2907201610809201600000000000000000000000000000000000000000000000000000000000000000000000000000000000000000007782050000090000000000 
0010001300004Q 011000075721627700SANDRA REGINA FAILLACE                  RUA MARECHAL BITTENCOUR,S/N,120 A CASA 5RIACHUELO      20950200RIO DE JANEIRO RJ0000000000000000                                        000                            
00100015         000006                                                                                                                                                                                                                         
00199999         000001000008000000                                                                                                                                                                                                             