00100000         249938327000106002887755001411019  0595600000000400378 UBRASP                        BANCO DO BRASIL S.A.                    12610201611212300000000000000                                                                     
00100011R01  000 2049938327000106002887755001411019  0595600000000400378 UBRASP                                                                                                        000000000000000000000000                                 
0010001300001P 010595600000000400378 28877550000003025   10 003025           0712201600000000002705700000 02A2610201610812201600000000000000000000000000000000000000000000000000000000000000000000000000000000000000000030253050000090000000000 
0010001300002Q 011000000057968730HILCILENE SANTIAGO DE SOUZA             RUA QUIRIRIM,1101,BLOCO 02 AP 807       VILA VALQUEIRE 21330650RIO DE JANEIRO RJ0000000000000000                                        000                            
0010001300003P 010595600000000400378 28877550000003026   10 003026           0712201600000000002073000000 02A2610201610812201600000000000000000000000000000000000000000000000000000000000000000000000000000000000000000030263050000090000000000 
0010001300004Q 011000013979764702CHRISTOPHER DAUZACKER CREINDEL          RUA EMMANUEL PEREIRA DAS NEVES ,194,CASAPIRATININGA    24358170NITEROI        RJ0000000000000000                                        000                            
0010001300005P 010595600000000400378 28877550000003027   10 003027           0712201600000000002508000000 02A2610201610812201600000000000000000000000000000000000000000000000000000000000000000000000000000000000000000030273050000090000000000 
0010001300006Q 011000013676894731MIKAELA GAMELEIRA FRANCISCO             RUA SENADOR DANTAS,71,COBERTURA 03      CENTRO         20031202RIO DE JANEIRO RJ0000000000000000                                        000                            
0010001300007P 010595600000000400378 28877550000003028   10 003028           0712201600000000006604100000 02A2610201610812201600000000000000000000000000000000000000000000000000000000000000000000000000000000000000000030283050000090000000000 
0010001300008Q 011000013212486449NADJA DA COSTA MORAIS                   RUA NAUTICA,73,302                      COCOTA         21910350RIO DE JANEIRO RJ0000000000000000                                        000                            
0010001300009P 010595600000000400378 28877550000003023   10 003023           0712201600000000001270200000 02A2610201610812201600000000000000000000000000000000000000000000000000000000000000000000000000000000000000000030233050000090000000000 
0010001300010Q 011000019340339797JULIA SANTOS DE OLIVEIRA CARVALHO       RUA CACEQUI,140,CASA 01                 BRAS DE PINA   21210760RIO DE JANEIRO RJ0000000000000000                                        000                            
0010001300011P 010595600000000400378 28877550000003024   10 003024           0712201600000000001104600000 02A2610201610812201600000000000000000000000000000000000000000000000000000000000000000000000000000000000000000030243050000090000000000 
0010001300012Q 011000013974581600ANNA BEATRIZ CELERGE  BARROSO NEVES     RUA ALMEIDA REIS,23,FUNDOS              CAVALCANTI     21370290RIO DE JANEIRO RJ0000000000000000                                        000                            
0010001300013P 010595600000000400378 28877550000003029   10 003029           0712201600000000007593800000 02A2610201610812201600000000000000000000000000000000000000000000000000000000000000000000000000000000000000000030293050000090000000000 
0010001300014Q 011000026328348720RICARDO FONTA CRUZ                      RUA ALVARO RAMOS,89,AP 104              BOTAFOGO       22280110RIO DE JANEIRO RJ0000000000000000                                        000                            
0010001300015P 010595600000000400378 28877550000003030   10 003030           0712201600000000001536900000 02A2610201610812201600000000000000000000000000000000000000000000000000000000000000000000000000000000000000000030303050000090000000000 
0010001300016Q 011000012536273717NATHALIA CRISTINA GUILHERMINO GUIMARAES RUA BORJA REIS,1255,BLOCO 8 AP 304      ENGENHO DE DENT20745100RIO DE JANEIRO RJ0000000000000000                                        000                            
0010001300017P 010595600000000400378 28877550000003031   10 003031           0712201600000000001536900000 02A2610201610812201600000000000000000000000000000000000000000000000000000000000000000000000000000000000000000030313050000090000000000 
0010001300018Q 011000016514577784ELLEN ESTEFANIA SILVA RODRIGUES         RUA COMENDADOR PINTO,527,CASA 10        CAMPINHO       21341370RIO DE JANEIRO RJ0000000000000000                                        000                            
0010001300019P 010595600000000400378 28877550000003032   10 003032           0712201600000000002705700000 02A2610201610812201600000000000000000000000000000000000000000000000000000000000000000000000000000000000000000030323050000090000000000 
0010001300020Q 011000000287243729MARIA DAS GRACAS DOS SANTOS BASTOS      RUA CACU,150,RUA J CASA 39 AP 101       TAQUARA        22710074RIO DE JANEIRO RJ0000000000000000                                        000                            
0010001300021P 010595600000000400378 28877550000003033   10 003033           0712201600000000003725300000 02A2610201610812201600000000000000000000000000000000000000000000000000000000000000000000000000000000000000000030333050000090000000000 
0010001300022Q 011000011248686748ALINE CRISTINA DA SILVA BARBOSA         AVENIDA PAST,6400,BLOCO 01 GR 12 AP 1208VICENTE DE CARV21220301RIO DE JANEIRO RJ0000000000000000                                        000                            
0010001300023P 010595600000000400378 28877550000003034   10 003034           0712201600000000002093700000 02A2610201610812201600000000000000000000000000000000000000000000000000000000000000000000000000000000000000000030343050000090000000000 
0010001300024Q 011000010579937780ARIANA MAYARA VIANA DE SOUZA            ESTRADA DO TAQUARAL,0,TRAVESSA 7 CASA 2 BANGU          21843000RIO DE JANEIRO RJ0000000000000000                                        000                            
0010001300025P 010595600000000400378 28877550000003035   10 003035           0712201600000000001613700000 02A2610201610812201600000000000000000000000000000000000000000000000000000000000000000000000000000000000000000030353050000090000000000 
0010001300026Q 011000014035854743JONATHAN FERNANDES DE AGUIAR            ESTRADA ALMIRANT,1,EN 1 BLOCO 03 AP 507 BARROS FILHO   21665210RIO DE JANEIRO RJ0000000000000000                                        000                            
0010001300027P 010595600000000400378 28877550000003036   10 003036           0712201600000000001629900000 02A2610201610812201600000000000000000000000000000000000000000000000000000000000000000000000000000000000000000030363050000090000000000 
0010001300028Q 011000010744246709LEILA CRISTINA DE OLIVEIRA CORREA       ESTRADA DO OUTEIRO SANTO,509,CASA 30    TAQUARA        22713169RIO DE JANEIRO RJ0000000000000000                                        000                            
0010001300029P 010595600000000400378 28877550000003037   10 003037           0712201600000000001104600000 02A2610201610812201600000000000000000000000000000000000000000000000000000000000000000000000000000000000000000030373050000090000000000 
0010001300030Q 011000018599042700ANNA CLARA BATISTA SILVA DE SOUZA       RUA CORURIPE,360,AP 201                 MARECHAL HERMES21555490RIO DE JANEIRO RJ0000000000000000                                        000                            
0010001300031P 010595600000000400378 28877550000003038   10 003038           0712201600000000001601700000 02A2610201610812201600000000000000000000000000000000000000000000000000000000000000000000000000000000000000000030383050000090000000000 
0010001300032Q 011000010245857788ANDERSON JOSE DA SILVA                  RUA BUENOS AIRES,126                    CENTRO         20070022RIO DE JANEIRO RJ0000000000000000                                        000                            
0010001300033P 010595600000000400378 28877550000003039   10 003039           0712201600000000006604100000 02A2610201610812201600000000000000000000000000000000000000000000000000000000000000000000000000000000000000000030393050000090000000000 
0010001300034Q 011000043988911704ELIANA MARQUES SANTOS DA SILVA          RUA CORURIPE,360,AP 201                 MARECHAL HERMES21555490RIO DE JANEIRO RJ0000000000000000                                        000                            
0010001300035P 010595600000000400378 28877550000003040   10 003040           0712201600000000004153500000 02A2610201610812201600000000000000000000000000000000000000000000000000000000000000000000000000000000000000000030403050000090000000000 
0010001300036Q 011000076892964753REGINA DE FATIMA LUZ                    RUA CORURIPE,360,AP 201                 MARECHAL HERMES21555490RIO DE JANEIRO RJ0000000000000000                                        000                            
0010001300037P 010595600000000400378 28877550000003041   10 003041           0712201600000000004153500000 02A2610201610812201600000000000000000000000000000000000000000000000000000000000000000000000000000000000000000030413050000090000000000 
0010001300038Q 011000084806168734HEITOR SANTOS ALMADA FILHO              RUA JUIZ JORGE SALOMAO,125              ENGENHO NOVO   20950360RIO DE JANEIRO RJ0000000000000000                                        000                            
0010001300039P 010595600000000400378 28877550000003042   10 003042           0712201600000000007373300000 02A2610201610812201600000000000000000000000000000000000000000000000000000000000000000000000000000000000000000030423050000090000000000 
0010001300040Q 011000010819922714VERA LUCIA GONCALVES DE LIMA MATTOS     RUA MARIA AMALIA,43,AP 201              TIJUCA         20510130RIO DE JANEIRO RJ0000000000000000                                        000                            
0010001300041P 010595600000000400378 28877550000003043   10 003043           0712201600000000006604100000 02A2610201610812201600000000000000000000000000000000000000000000000000000000000000000000000000000000000000000030433050000090000000000 
0010001300042Q 011000043880533768SILVIO JORGE NASCIMENTO DE OLIVEIRA     RUA ROBERTO DIAS LOPES,100,AP 910       LEME           22010110RIO DE JANEIRO RJ0000000000000000                                        000                            
0010001300043P 010595600000000400378 28877550000003044   10 003044           0712201600000000001417400000 02A2610201610812201600000000000000000000000000000000000000000000000000000000000000000000000000000000000000000030443050000090000000000 
0010001300044Q 011000009638639750SAMIA RAFAELA OLIVEIRA DA SILVA         RUA BUENOS AIRES,126                    CENTRO         20070022RIO DE JANEIRO RJ0000000000000000                                        000                            
0010001300045P 010595600000000400378 28877550000003045   10 003045           0712201600000000001104600000 02A2610201610812201600000000000000000000000000000000000000000000000000000000000000000000000000000000000000000030453050000090000000000 
0010001300046Q 011000015402978700GIOVANNA BAHIA DA SILVA                 RUA UANAPU,100                          OLARIA         21071320RIO DE JANEIRO RJ0000000000000000                                        000                            
0010001300047P 010595600000000400378 28877550000003046   10 003046           0712201600000000006135600000 02A2610201610812201600000000000000000000000000000000000000000000000000000000000000000000000000000000000000000030463050000090000000000 
0010001300048Q 011000053590252715JOSE MARTINS MELO                       ESTRADA DO PORTO VEL,545,BLOCO 09 AP 104CORDOVIL       21012140RIO DE JANEIRO RJ0000000000000000                                        000                            
0010001300049P 010595600000000400378 28877550000003047   10 003047           0712201600000000002705700000 02A2610201610812201600000000000000000000000000000000000000000000000000000000000000000000000000000000000000000030473050000090000000000 
0010001300050Q 011000000222641592CLOVIS PEREIRA DA SILVA                 RUA ITAPIRU,1470,AP 203                 RIO COMPRIDO   20251030RIO DE JANEIRO RJ0000000000000000                                        000                            
0010001300051P 010595600000000400378 28877550000003048   10 003048           0712201600000000006135600000 02A2610201610812201600000000000000000000000000000000000000000000000000000000000000000000000000000000000000000030483050000090000000000 
0010001300052Q 011000070221197753MARLI MARQUES PEREIRA                   AVENIDA NOSSA SENHORA DE COPA,876,AP 702COPACABANA     22060002RIO DE JANEIRO RJ0000000000000000                                        000                            
0010001300053P 010595600000000400378 28877550000003049   10 003049           0712201600000000001649800000 02A2610201610812201600000000000000000000000000000000000000000000000000000000000000000000000000000000000000000030493050000090000000000 
0010001300054Q 011000002602701726LEONARDO CARVALHO SALES                 RUA CORURIPE,360,AP 201                 MARECHAL HERMES21555490RIO DE JANEIRO RJ0000000000000000                                        000                            
0010001300055P 010595600000000400378 28877550000003050   10 003050           0712201600000000002436900000 02A2610201610812201600000000000000000000000000000000000000000000000000000000000000000000000000000000000000000030503050000090000000000 
0010001300056Q 011000005319598726LUIS PAULO BARBOSA DE PAULA             RUA CONEGO TOBIAS,220                   MEIER          20725010RIO DE JANEIRO RJ0000000000000000                                        000                            
0010001300057P 010595600000000400378 28877550000003051   10 003051           0712201600000000006604100000 02A2610201610812201600000000000000000000000000000000000000000000000000000000000000000000000000000000000000000030513050000090000000000 
0010001300058Q 011000032537212720MARIA TEREZA DA COSTA                   RUA DOUTOR SA EARP,645,B                MORIN          25625073PETROPOLIS     RJ0000000000000000                                        000                            
0010001300059P 010595600000000400378 28877550000003052   10 003052           0712201600000000006604100000 02A2610201610812201600000000000000000000000000000000000000000000000000000000000000000000000000000000000000000030523050000090000000000 
0010001300060Q 011000038909634715ATANIZIA CARDOSO BISPO                  RUA DO RESENDE,113,CASA 40 AP 201       CENTRO         20231091RIO DE JANEIRO RJ0000000000000000                                        000                            
0010001300061P 010595600000000400378 28877550000003053   10 003053           0712201600000000007593800000 02A2610201610812201600000000000000000000000000000000000000000000000000000000000000000000000000000000000000000030533050000090000000000 
0010001300062Q 011000043226540700CECILIA DA CONCEICAO ALVES DA SILVA     RUA VILELA TAVARES,181,AP 504           MEIER          20725220RIO DE JANEIRO RJ0000000000000000                                        000                            
0010001300063P 010595600000000400378 28877550000003054   10 003054           0712201600000000002540400000 02A2610201610812201600000000000000000000000000000000000000000000000000000000000000000000000000000000000000000030543050000090000000000 
0010001300064Q 011000015955447717ANNA KLARA DE SAMPAIO TEIXEIRA CRUZ     RUA PIRAQUARA,879,BLOCO 01 AP 105       REALENGO       21755270RIO DE JANEIRO RJ0000000000000000                                        000                            
0010001300065P 010595600000000400378 28877550000003055   10 003055           0712201600000000001841800000 02A2610201610812201600000000000000000000000000000000000000000000000000000000000000000000000000000000000000000030553050000090000000000 
0010001300066Q 011000007823708701MARCIO FIGUEIREDO DA SILVA              RUA MARTINS PENA,69,BLOCO 01 AP 302     TIJUCA         20270270RIO DE JANEIRO RJ0000000000000000                                        000                            
0010001300067P 010595600000000400378 28877550000003056   10 003056           0712201600000000002209200000 02A2610201610812201600000000000000000000000000000000000000000000000000000000000000000000000000000000000000000030563050000090000000000 
0010001300068Q 011000015013938716CAROLINA SANTOS MENDES                  PRACA MALVINO REIS,38,B SOBRADO         GRAJAU         20561040RIO DE JANEIRO RJ0000000000000000                                        000                            
0010001300069P 010595600000000400378 28877550000003057   10 003057           0712201600000000002209200000 02A2610201610812201600000000000000000000000000000000000000000000000000000000000000000000000000000000000000000030573050000090000000000 
0010001300070Q 011000017873756769MARIA BEATRIZ SANTORO BRANCO            RUA HOMEM - DE 551/552 AO FI,1188,AP 201VILA ISABEL?   20551075RIO DE JANEIRO RJ0000000000000000                                        000                            
0010001300071P 010595600000000400378 28877550000003058   10 003058           0712201600000000001104600000 02A2610201610812201600000000000000000000000000000000000000000000000000000000000000000000000000000000000000000030583050000090000000000 
0010001300072Q 011000015398444719NIKOLE SOUZA SILVA                      RUA UANAPU,65,CASA                      OLARIA         21071320RIO DE JANEIRO RJ0000000000000000                                        000                            
0010001300073P 010595600000000400378 28877550000003059   10 003059           0712201600000000001104600000 02A2610201610812201600000000000000000000000000000000000000000000000000000000000000000000000000000000000000000030593050000090000000000 
0010001300074Q 011000019303896718LUIS FELIPE PORTO DA SILVA              ESTRADA SAO PEDRO DE ALCANTA,513,CASA 04DEODORO        21615310RIO DE JANEIRO RJ0000000000000000                                        000                            
0010001300075P 010595600000000400378 28877550000003060   10 003060           0712201600000000004153500000 02A2610201610812201600000000000000000000000000000000000000000000000000000000000000000000000000000000000000000030603050000090000000000 
0010001300076Q 011000075721627700SANDRA REGINA FAILLACE                  RUA MARECHAL BITTENCOUR,S/N,120 A CASA 5RIACHUELO      20950200RIO DE JANEIRO RJ0000000000000000                                        000                            
0010001300077P 010595600000000400378 28877550000003061   10 003061           0712201600000000002073000000 02A2610201610812201600000000000000000000000000000000000000000000000000000000000000000000000000000000000000000030613050000090000000000 
0010001300078Q 011000000840032277LUCAS COELHO DA SILVA                   ESTRADA JOSE RUCAS,150,AP 303           PENHA          21070370RIO DE JANEIRO RJ0000000000000000                                        000                            
0010001300079P 010595600000000400378 28877550000003062   10 003062           0712201600000000006604100000 02A2610201610812201600000000000000000000000000000000000000000000000000000000000000000000000000000000000000000030623050000090000000000 
0010001300080Q 011000069618267768REGINA CELIA NAZARENO DA SILVA          RUA COSMORAMA,697,BLOCO 13 AP 306       COSMORAMA      26582020MESQUITA       RJ0000000000000000                                        000                            
0010001300081P 010595600000000400378 28877550000003063   10 003063           0712201600000000003111100000 02A2610201610812201600000000000000000000000000000000000000000000000000000000000000000000000000000000000000000030633050000090000000000 
0010001300082Q 011000003419005750ALESSANDRA BAPTISTA BONAVITA            RUA AGRARIO MENEZES,720,CASA 1          VICENTE DE CARV21371180RIO DE JANEIRO RJ0000000000000000                                        000                            
0010001300083P 010595600000000400378 28877550000003064   10 003064           0712201600000000001270200000 02A2610201610812201600000000000000000000000000000000000000000000000000000000000000000000000000000000000000000030643050000090000000000 
0010001300084Q 011000018903419758LETICIA MESSERSCHMIDT DA COSTA          RUA MANOEL FALCAO A MARAN,74,GR 1 AP 304MANGUINHOS     21041615RIO DE JANEIRO RJ0000000000000000                                        000                            
0010001300085P 010595600000000400378 28877550000003065   10 003065           0712201600000000001270200000 02A2610201610812201600000000000000000000000000000000000000000000000000000000000000000000000000000000000000000030653050000090000000000 
0010001300086Q 011000019399036707DAVI FRANCA DA SILVA                    RUA TANGARA,58                          BONSUCESSO     21050525RIO DE JANEIRO RJ0000000000000000                                        000                            
0010001300087P 010595600000000400378 28877550000003066   10 003066           0712201600000000003112000000 02A2610201610812201600000000000000000000000000000000000000000000000000000000000000000000000000000000000000000030663050000090000000000 
0010001300088Q 011000008194813786RAQUEL RODRIGUES DOS SANTOS             RUA SEBASTIAN BACH,521,CASA FUNDOS      JARDIM AMERICA 21240370RIO DE JANEIRO RJ0000000000000000                                        000                            
0010001300089P 010595600000000400378 28877550000003067   10 003067           0712201600000000001631600000 02A2610201610812201600000000000000000000000000000000000000000000000000000000000000000000000000000000000000000030673050000090000000000 
0010001300090Q 011000016746284719DANIEL MELO NASCIMENTO ARAUJO FERREIRA  RUA DONATO,872,CASA 03                  JACUTINGA      26562130MESQUITA       RJ0000000000000000                                        000                            
0010001300091P 010595600000000400378 28877550000003068   10 003068           0712201600000000006604100000 02A2610201610812201600000000000000000000000000000000000000000000000000000000000000000000000000000000000000000030683050000090000000000 
0010001300092Q 011000010887253768CEZAR FREITAS DE BARROS                 RUA ANA TELES,536,AP 204                CAMPINHO       21341460RIO DE JANEIRO RJ0000000000000000                                        000                            
0010001300093P 010595600000000400378 28877550000003069   10 003069           0712201600000000003725300000 02A2610201610812201600000000000000000000000000000000000000000000000000000000000000000000000000000000000000000030693050000090000000000 
0010001300094Q 011000078555027268SUZANA RAMOS ALVES                      RUA ALBANO,328,AP 201 LOTE 6 QUADRA C   PRACA SECA     22733010RIO DE JANEIRO RJ0000000000000000                                        000                            
0010001300095P 010595600000000400378 28877550000003070   10 003070           0712201600000000002508000000 02A2610201610812201600000000000000000000000000000000000000000000000000000000000000000000000000000000000000000030703050000090000000000 
0010001300096Q 011000005903325700VIVIANE DE OLIVEIRA PEDRO               RUA TEIXEIRA DA COSTA,179               VAZ LOBO       21361160RIO DE JANEIRO RJ0000000000000000                                        000                            
0010001300097P 010595600000000400378 28877550000003071   10 003071           0712201600000000006604100000 02A2610201610812201600000000000000000000000000000000000000000000000000000000000000000000000000000000000000000030713050000090000000000 
0010001300098Q 011000049890034700NORMA HELENA GUERRERO DE ALMEIDA        RUA DIAS FERREIRA,410,AP 201            LEBLON         22431050RIO DE JANEIRO RJ0000000000000000                                        000                            
0010001300099P 010595600000000400378 28877550000003072   10 003072           0712201600000000007593800000 02A2610201610812201600000000000000000000000000000000000000000000000000000000000000000000000000000000000000000030723050000090000000000 
0010001300100Q 011000088864537791MARTA FRANCISCO CAVALCANTI              AVENIDA ERNANI DO AMARAL PEI,36,SALA 410CENTRO         24020076NITEROI        RJ0000000000000000                                        000                            
0010001300101P 010595600000000400378 28877550000003073   10 003073           0712201600000000003219800000 02A2610201610812201600000000000000000000000000000000000000000000000000000000000000000000000000000000000000000030733050000090000000000 
0010001300102Q 011000096258683720EDILSON LUCAS SANTOS                    RUA SALVADOR PIRES,169,AP 104           MEIER          20775030RIO DE JANEIRO RJ0000000000000000                                        000                            
0010001300103P 010595600000000400378 28877550000003074   10 003074           0712201600000000003219800000 02A2610201610812201600000000000000000000000000000000000000000000000000000000000000000000000000000000000000000030743050000090000000000 
0010001300104Q 011000079008216787VANIA MARIA SANTOS SENA                 RUA PACHECO DA ROCHA,300,CASA 02        BENTO RIBEIRO  21550527RIO DE JANEIRO RJ0000000000000000                                        000                            
0010001300105P 010595600000000400378 28877550000003075   10 003075           0712201600000000001417400000 02A2610201610812201600000000000000000000000000000000000000000000000000000000000000000000000000000000000000000030753050000090000000000 
0010001300106Q 011000012661234748CARLA DA SILVA VICENTE                  RUA CONEGO BOUCHER PINTO,58             HONORIO GURGEL 21511290RIO DE JANEIRO RJ0000000000000000                                        000                            
0010001300107P 010595600000000400378 28877550000003076   10 003076           0712201600000000001601700000 02A2610201610812201600000000000000000000000000000000000000000000000000000000000000000000000000000000000000000030763050000090000000000 
0010001300108Q 011000008523895744FLAVIO DIAS DOS SANTOS                  RUA JOSE DO PATROCINIO,200              GRAJAU         20560160RIO DE JANEIRO RJ0000000000000000                                        000                            
0010001300109P 010595600000000400378 28877550000003077   10 003077           0712201600000000003219800000 02A2610201610812201600000000000000000000000000000000000000000000000000000000000000000000000000000000000000000030773050000090000000000 
0010001300110Q 011000081400462720MARILEIA SILVA MEDEIROS DE OLIVEIRA     ESTRADA DO RIO GRANDE,333,AP 101        TAQUARA        22720010RIO DE JANEIRO RJ0000000000000000                                        000                            
0010001300111P 010595600000000400378 28877550000003078   10 003078           0712201600000000001270200000 02A2610201610812201600000000000000000000000000000000000000000000000000000000000000000000000000000000000000000030783050000090000000000 
0010001300112Q 011000015707114700ALICE MATTOS DE OLIVEIRA                TRAVESSA LORETO,51,CASA                 OLARIA         21071360RIO DE JANEIRO RJ0000000000000000                                        000                            
0010001300113P 010595600000000400378 28877550000003079   10 003079           0712201600000000006604100000 02A2610201610812201600000000000000000000000000000000000000000000000000000000000000000000000000000000000000000030793050000090000000000 
0010001300114Q 011000067769381720LIZETE LOPES DE SOUSA BIANCO            ESTRADA VER,665,QUADRA L LOTE 14 CASA 01VARGEM GRANDE  22785620RIO DE JANEIRO RJ0000000000000000                                        000                            
0010001300115P 010595600000000400378 28877550000003080   10 003080           0712201600000000001417400000 02A2610201610812201600000000000000000000000000000000000000000000000000000000000000000000000000000000000000000030803050000090000000000 
0010001300116Q 011000011463380747PATRICIA DE VASCONCELLOS OLIVEIRA       RUA DONA EMILIA,59,B                    INHAUMA        20765110RIO DE JANEIRO RJ0000000000000000                                        000                            
0010001300117P 010595600000000400378 28877550000003081   10 003081           0712201600000000006604100000 02A2610201610812201600000000000000000000000000000000000000000000000000000000000000000000000000000000000000000030813050000090000000000 
0010001300118Q 011000035792558787LENICE LUIZA DE CASTRO                  RUA MACHADO DE ASSIS,65                 VILAR DOS TELES25560140SAO JOAO DE MERRJ0000000000000000                                        000                            
0010001300119P 010595600000000400378 28877550000003082   10 003082           0712201600000000002365900000 02A2610201610812201600000000000000000000000000000000000000000000000000000000000000000000000000000000000000000030823050000090000000000 
0010001300120Q 011000009022398722MURILO MARTINS LIMA                     RUA CAROLINA AMADO,1402,CASA 03         IRAJA          21361320RIO DE JANEIRO RJ0000000000000000                                        000                            
0010001300121P 010595600000000400378 28877550000003083   10 003083           0712201600000000006604100000 02A2610201610812201600000000000000000000000000000000000000000000000000000000000000000000000000000000000000000030833050000090000000000 
0010001300122Q 011000047901578653LILIANE CASSIA LIMA PINTO               AVENIDA RONDON - DE 2523 AO,2651,CASA 05ENGENHO NOVO?  20950311RIO DE JANEIRO RJ0000000000000000                                        000                            
0010001300123P 010595600000000400378 28877550000003084   10 003084           0712201600000000003219800000 02A2610201610812201600000000000000000000000000000000000000000000000000000000000000000000000000000000000000000030843050000090000000000 
0010001300124Q 011000008883621700GLAUCIMARY SILVA DOS SANTOS VELARDO     RUA NICOLAU CHEVEN,451                  CENTRO         25510310SAO JOAO DE MERRJ0000000000000000                                        000                            
0010001300125P 010595600000000400378 28877550000003085   10 003085           0712201600000000002705700000 02A2610201610812201600000000000000000000000000000000000000000000000000000000000000000000000000000000000000000030853050000090000000000 
0010001300126Q 011000009306346832RENATO GOULART                          RUA RONALD DE CARVALHO,253,AP 1202      COPACABANA     22021020RIO DE JANEIRO RJ0000000000000000                                        000                            
0010001300127P 010595600000000400378 28877550000003086   10 003086           0712201600000000004042300000 02A2610201610812201600000000000000000000000000000000000000000000000000000000000000000000000000000000000000000030863050000090000000000 
0010001300128Q 011000015975852706INGRED DOS SANTOS RODRIGUES             RUA MARIA JOSE,531,CASA 16              MADUREIRA      21341140RIO DE JANEIRO RJ0000000000000000                                        000                            
0010001300129P 010595600000000400378 28877550000003087   10 003087           0712201600000000001417400000 02A2610201610812201600000000000000000000000000000000000000000000000000000000000000000000000000000000000000000030873050000090000000000 
0010001300130Q 011000011524133760THIAGO DA SILVA NERY                    RUA SAO PAULO DE OLIVENCA,17,CASA       CAMPO GRANDE   23016120RIO DE JANEIRO RJ0000000000000000                                        000                            
0010001300131P 010595600000000400378 28877550000003088   10 003088           0712201600000000001897000000 02A2610201610812201600000000000000000000000000000000000000000000000000000000000000000000000000000000000000000030883050000090000000000 
0010001300132Q 011000002312907720ELIZABETH SEVERINA DO CARMO FIALHO      RUA PRATA,1225,CASA                     COELHO DA ROCHA25550560SAO JOAO DE MERRJ0000000000000000                                        000                            
0010001300133P 010595600000000400378 28877550000003089   10 003089           0711201600000000001841800000 02A2610201610811201600000000000000000000000000000000000000000000000000000000000000000000000000000000000000000030893050000090000000000 
0010001300134Q 011000009629546752RAQUEL BONFIM                           ESTRADA CAMBOATA,S/N,RUA 2 CASA 09      COSTA BARROS   21650100RIO DE JANEIRO RJ0000000000000000                                        000                            
0010001300135P 010595600000000400378 28877550000003090   10 003090           0712201600000000001841800000 02A2610201610812201600000000000000000000000000000000000000000000000000000000000000000000000000000000000000000030903050000090000000000 
0010001300136Q 011000009629546752RAQUEL BONFIM                           ESTRADA CAMBOATA,S/N,RUA 2 CASA 09      COSTA BARROS   21650100RIO DE JANEIRO RJ0000000000000000                                        000                            
0010001300137P 010595600000000400378 28877550000003091   10 003091           0711201600000000004437400000 02A2610201610811201600000000000000000000000000000000000000000000000000000000000000000000000000000000000000000030913050000090000000000 
0010001300138Q 011000006990965703HENRY MORAES DA SILVA                   RUA EUCLIDES DA ROCHA,780,CASA 2        COPACABANA     22031100RIO DE JANEIRO RJ0000000000000000                                        000                            
0010001300139P 010595600000000400378 28877550000003092   10 003092           0712201600000000004437400000 02A2610201610812201600000000000000000000000000000000000000000000000000000000000000000000000000000000000000000030923050000090000000000 
0010001300140Q 011000006990965703HENRY MORAES DA SILVA                   RUA EUCLIDES DA ROCHA,780,CASA 2        COPACABANA     22031100RIO DE JANEIRO RJ0000000000000000                                        000                            
0010001300141P 010595600000000400378 28877550000003093   10 003093           0711201600000000001841800000 02A2610201610811201600000000000000000000000000000000000000000000000000000000000000000000000000000000000000000030933050000090000000000 
0010001300142Q 011000009376507738EDUARDO CABRAL VIANNA                   RUA VOLUNTARIOS DA PATRIA ,248,AP 207   BOTAFOGO?      22270014RIO DE JANEIRO RJ0000000000000000                                        000                            
0010001300143P 010595600000000400378 28877550000003094   10 003094           0712201600000000001841800000 02A2610201610812201600000000000000000000000000000000000000000000000000000000000000000000000000000000000000000030943050000090000000000 
0010001300144Q 011000009376507738EDUARDO CABRAL VIANNA                   RUA VOLUNTARIOS DA PATRIA ,248,AP 207   BOTAFOGO?      22270014RIO DE JANEIRO RJ0000000000000000                                        000                            
0010001300145P 010595600000000400378 28877550000003095   10 003095           0711201600000000005738400000 02A2610201610811201600000000000000000000000000000000000000000000000000000000000000000000000000000000000000000030953050000090000000000 
0010001300146Q 011000001648699723ELIANE MARTINS DA COSTA                 RUA CARAJAS,237,CASA                    VILA KOSMOS    21220110RIO DE JANEIRO RJ0000000000000000                                        000                            
0010001300147P 010595600000000400378 28877550000003096   10 003096           0712201600000000005738400000 02A2610201610812201600000000000000000000000000000000000000000000000000000000000000000000000000000000000000000030963050000090000000000 
0010001300148Q 011000001648699723ELIANE MARTINS DA COSTA                 RUA CARAJAS,237,CASA                    VILA KOSMOS    21220110RIO DE JANEIRO RJ0000000000000000                                        000                            
0010001300149P 010595600000000400378 28877550000003097   10 003097           0711201600000000003111100000 02A2610201610811201600000000000000000000000000000000000000000000000000000000000000000000000000000000000000000030973050000090000000000 
0010001300150Q 011000003311859707ROSEMARY MATIAS DA SILVA                AVENIDA NOSSA SENHORA DAS GRA,474,CASA 3CENTRO         25515001SAO JOAO DE MERRJ0000000000000000                                        000                            
0010001300151P 010595600000000400378 28877550000003098   10 003098           0712201600000000003111100000 02A2610201610812201600000000000000000000000000000000000000000000000000000000000000000000000000000000000000000030983050000090000000000 
0010001300152Q 011000003311859707ROSEMARY MATIAS DA SILVA                AVENIDA NOSSA SENHORA DAS GRA,474,CASA 3CENTRO         25515001SAO JOAO DE MERRJ0000000000000000                                        000                            
0010001300153P 010595600000000400378 28877550000003099   10 003099           0711201600000000001270200000 02A2610201610811201600000000000000000000000000000000000000000000000000000000000000000000000000000000000000000030993050000090000000000 
0010001300154Q 011000019036436788NATHAN BAPTISTA DOS SANTOS              RUA ARMINDO DE OLIVEIRA,70,AP 201       ANCHIETA       21655100RIO DE JANEIRO RJ0000000000000000                                        000                            
0010001300155P 010595600000000400378 28877550000003100   10 003100           0712201600000000001270200000 02A2610201610812201600000000000000000000000000000000000000000000000000000000000000000000000000000000000000000031003050000090000000000 
0010001300156Q 011000019036436788NATHAN BAPTISTA DOS SANTOS              RUA ARMINDO DE OLIVEIRA,70,AP 201       ANCHIETA       21655100RIO DE JANEIRO RJ0000000000000000                                        000                            
0010001300157P 010595600000000400378 28877550000003101   10 003101           0711201600000000005738400000 02A2610201610811201600000000000000000000000000000000000000000000000000000000000000000000000000000000000000000031013050000090000000000 
0010001300158Q 011000044109857791MARISA DA COSTA MAIA                    RUA JOSE VIEI,120,CASA 02 AP 201 FUNDOS IRAJA          21235560RIO DE JANEIRO RJ0000000000000000                                        000                            
0010001300159P 010595600000000400378 28877550000003102   10 003102           0712201600000000005738400000 02A2610201610812201600000000000000000000000000000000000000000000000000000000000000000000000000000000000000000031023050000090000000000 
0010001300160Q 011000044109857791MARISA DA COSTA MAIA                    RUA JOSE VIEI,120,CASA 02 AP 201 FUNDOS IRAJA          21235560RIO DE JANEIRO RJ0000000000000000                                        000                            
0010001300161P 010595600000000400378 28877550000003103   10 003103           0711201600000000007593800000 02A2610201610811201600000000000000000000000000000000000000000000000000000000000000000000000000000000000000000031033050000090000000000 
0010001300162Q 011000000907066763WANDERCY FERREIRA LINHARES              RUA JOSE BONI,458,BLOCO 02 GR 10 AP 1104TODOS OS SANTOS20770240RIO DE JANEIRO RJ0000000000000000                                        000                            
0010001300163P 010595600000000400378 28877550000003104   10 003104           0712201600000000007593800000 02A2610201610812201600000000000000000000000000000000000000000000000000000000000000000000000000000000000000000031043050000090000000000 
0010001300164Q 011000000907066763WANDERCY FERREIRA LINHARES              RUA JOSE BONI,458,BLOCO 02 GR 10 AP 1104TODOS OS SANTOS20770240RIO DE JANEIRO RJ0000000000000000                                        000                            
0010001300165P 010595600000000400378 28877550000003105   10 003105           0711201600000000015187600000 02A2610201610811201600000000000000000000000000000000000000000000000000000000000000000000000000000000000000000031053050000090000000000 
0010001300166Q 011000099579146772MARIA DO CARMO DE OLIVEIRA DE MELO      AVENIDA DOS MANANCIAIS,1650,CASA 21     TAQUARA        22720410RIO DE JANEIRO RJ0000000000000000                                        000                            
0010001300167P 010595600000000400378 28877550000003106   10 003106           0712201600000000015187600000 02A2610201610812201600000000000000000000000000000000000000000000000000000000000000000000000000000000000000000031063050000090000000000 
0010001300168Q 011000099579146772MARIA DO CARMO DE OLIVEIRA DE MELO      AVENIDA DOS MANANCIAIS,1650,CASA 21     TAQUARA        22720410RIO DE JANEIRO RJ0000000000000000                                        000                            
0010001300169P 010595600000000400378 28877550000003107   10 003107           0711201600000000001536900000 02A2610201610811201600000000000000000000000000000000000000000000000000000000000000000000000000000000000000000031073050000090000000000 
0010001300170Q 011000015557961763JESSICA BATISTA DOS SANTOS              RUA INGAI,92,AP 101                     PENHA          21020260RIO DE JANEIRO RJ0000000000000000                                        000                            
0010001300171P 010595600000000400378 28877550000003108   10 003108           0712201600000000001536900000 02A2610201610812201600000000000000000000000000000000000000000000000000000000000000000000000000000000000000000031083050000090000000000 
0010001300172Q 011000015557961763JESSICA BATISTA DOS SANTOS              RUA INGAI,92,AP 101                     PENHA          21020260RIO DE JANEIRO RJ0000000000000000                                        000                            
0010001300173P 010595600000000400378 28877550000003109   10 003109           0711201600000000000959900000 02A2610201610811201600000000000000000000000000000000000000000000000000000000000000000000000000000000000000000031093050000090000000000 
0010001300174Q 011000013651279669RHUAN LIMA MOREIRA SOUZA                RUA JURUBEBA,621,FUNDOS                 PARQUE ANCHIETA21620420RIO DE JANEIRO RJ0000000000000000                                        000                            
0010001300175P 010595600000000400378 28877550000003110   10 003110           0712201600000000000959900000 02A2610201610812201600000000000000000000000000000000000000000000000000000000000000000000000000000000000000000031103050000090000000000 
0010001300176Q 011000013651279669RHUAN LIMA MOREIRA SOUZA                RUA JURUBEBA,621,FUNDOS                 PARQUE ANCHIETA21620420RIO DE JANEIRO RJ0000000000000000                                        000                            
0010001300177P 010595600000000400378 28877550000003111   10 003111           0711201600000000004776000000 02A2610201610811201600000000000000000000000000000000000000000000000000000000000000000000000000000000000000000031113050000090000000000 
0010001300178Q 011000059430028715KATIA PEREIRA CONDE                     RUA RAMOS DA FONSECA,16,AP 1202         LINS DE VASCONC20720340RIO DE JANEIRO RJ0000000000000000                                        000                            
0010001300179P 010595600000000400378 28877550000003112   10 003112           0712201600000000004776000000 02A2610201610812201600000000000000000000000000000000000000000000000000000000000000000000000000000000000000000031123050000090000000000 
0010001300180Q 011000059430028715KATIA PEREIRA CONDE                     RUA RAMOS DA FONSECA,16,AP 1202         LINS DE VASCONC20720340RIO DE JANEIRO RJ0000000000000000                                        000                            
0010001300181P 010595600000000400378 28877550000003113   10 003113           0711201600000000002350900000 02A2610201610811201600000000000000000000000000000000000000000000000000000000000000000000000000000000000000000031133050000090000000000 
0010001300182Q 011000003341043780CLAUDIA VALERIA VIRGILIO DA SILVA       RUA RAIMUNDO MACEDO SOBRINHO,477,CASA 01VILA ROSALI    25525112SAO JOAO DE MERRJ0000000000000000                                        000                            
0010001300183P 010595600000000400378 28877550000003114   10 003114           0712201600000000002350900000 02A2610201610812201600000000000000000000000000000000000000000000000000000000000000000000000000000000000000000031143050000090000000000 
0010001300184Q 011000003341043780CLAUDIA VALERIA VIRGILIO DA SILVA       RUA RAIMUNDO MACEDO SOBRINHO,477,CASA 01VILA ROSALI    25525112SAO JOAO DE MERRJ0000000000000000                                        000                            
0010001300185P 010595600000000400378 28877550000003115   10 003115           0711201600000000001391800000 02A2610201610811201600000000000000000000000000000000000000000000000000000000000000000000000000000000000000000031153050000090000000000 
0010001300186Q 011000007937586702CLAUDIA DOS SANTOS DUARTE               AVENIDA ERNANI CARDOSO,67,CASA 33       CASCADURA      21310310RIO DE JANEIRO RJ0000000000000000                                        000                            
0010001300187P 010595600000000400378 28877550000003116   10 003116           0712201600000000001391800000 02A2610201610812201600000000000000000000000000000000000000000000000000000000000000000000000000000000000000000031163050000090000000000 
0010001300188Q 011000007937586702CLAUDIA DOS SANTOS DUARTE               AVENIDA ERNANI CARDOSO,67,CASA 33       CASCADURA      21310310RIO DE JANEIRO RJ0000000000000000                                        000                            
0010001300189P 010595600000000400378 28877550000003117   10 003117           0711201600000000001391800000 02A2610201610811201600000000000000000000000000000000000000000000000000000000000000000000000000000000000000000031173050000090000000000 
0010001300190Q 011000009793601701DARLENE DOS SANTOS NEVES                RUA IGUAIBA,55,CASA 04                  CASCADURA      21311230RIO DE JANEIRO RJ0000000000000000                                        000                            
0010001300191P 010595600000000400378 28877550000003118   10 003118           0712201600000000001391800000 02A2610201610812201600000000000000000000000000000000000000000000000000000000000000000000000000000000000000000031183050000090000000000 
0010001300192Q 011000009793601701DARLENE DOS SANTOS NEVES                RUA IGUAIBA,55,CASA 04                  CASCADURA      21311230RIO DE JANEIRO RJ0000000000000000                                        000                            
0010001300193P 010595600000000400378 28877550000003119   10 003119           0711201600000000002350900000 02A2610201610811201600000000000000000000000000000000000000000000000000000000000000000000000000000000000000000031193050000090000000000 
0010001300194Q 011000000929499751HANNYA ZULEIKA DA CUNHA                 RUA ARTUR CARDOSO,21,A                  PARQUE BARRETO 25565610SAO JOAO DE MERRJ0000000000000000                                        000                            
0010001300195P 010595600000000400378 28877550000003120   10 003120           0712201600000000002350900000 02A2610201610812201600000000000000000000000000000000000000000000000000000000000000000000000000000000000000000031203050000090000000000 
0010001300196Q 011000000929499751HANNYA ZULEIKA DA CUNHA                 RUA ARTUR CARDOSO,21,A                  PARQUE BARRETO 25565610SAO JOAO DE MERRJ0000000000000000                                        000                            
0010001300197P 010595600000000400378 28877550000003121   10 003121           0711201600000000002350900000 02A2610201610811201600000000000000000000000000000000000000000000000000000000000000000000000000000000000000000031213050000090000000000 
0010001300198Q 011000000437767795PAULO ROBERTO DE ASSIS                  RUA DOLOMITA,00,LOTE 14 QUADRA 35       PARQUE ALIAN   25550360SAO JOAO DE MERRJ0000000000000000                                        000                            
0010001300199P 010595600000000400378 28877550000003122   10 003122           0712201600000000002350900000 02A2610201610812201600000000000000000000000000000000000000000000000000000000000000000000000000000000000000000031223050000090000000000 
0010001300200Q 011000000437767795PAULO ROBERTO DE ASSIS                  RUA DOLOMITA,00,LOTE 14 QUADRA 35       PARQUE ALIAN   25550360SAO JOAO DE MERRJ0000000000000000                                        000                            
0010001300201P 010595600000000400378 28877550000003123   10 003123           0711201600000000005738400000 02A2610201610811201600000000000000000000000000000000000000000000000000000000000000000000000000000000000000000031233050000090000000000 
0010001300202Q 011000090319303772TEREZINHA MARIA SEIDEL REAL             RUA JOAQUIM ,00,QUADRA 67 FUNDOS LOTE 13VILAR DOS TELES25560160SAO JOAO DE MERRJ0000000000000000                                        000                            
0010001300203P 010595600000000400378 28877550000003124   10 003124           0712201600000000005738400000 02A2610201610812201600000000000000000000000000000000000000000000000000000000000000000000000000000000000000000031243050000090000000000 
0010001300204Q 011000090319303772TEREZINHA MARIA SEIDEL REAL             RUA JOAQUIM ,00,QUADRA 67 FUNDOS LOTE 13VILAR DOS TELES25560160SAO JOAO DE MERRJ0000000000000000                                        000                            
0010001300205P 010595600000000400378 28877550000003125   10 003125           0711201600000000001536900000 02A2610201610811201600000000000000000000000000000000000000000000000000000000000000000000000000000000000000000031253050000090000000000 
0010001300206Q 011000014881350706MARINA DE ALMEIDA OLIVEIRA              RUA RUBENS PAIVA,490,CASA 05            ENGENHEIRO BELF25520382SAO JOAO DE MERRJ0000000000000000                                        000                            
0010001300207P 010595600000000400378 28877550000003126   10 003126           0712201600000000001536900000 02A2610201610812201600000000000000000000000000000000000000000000000000000000000000000000000000000000000000000031263050000090000000000 
0010001300208Q 011000014881350706MARINA DE ALMEIDA OLIVEIRA              RUA RUBENS PAIVA,490,CASA 05            ENGENHEIRO BELF25520382SAO JOAO DE MERRJ0000000000000000                                        000                            
0010001300209P 010595600000000400378 28877550000003127   10 003127           0711201600000000005738400000 02A2610201610811201600000000000000000000000000000000000000000000000000000000000000000000000000000000000000000031273050000090000000000 
0010001300210Q 011000037218433715SANDRA DOS ANJOS COSTA                  AVENIDA MAESTRO PAUL,505,BLOCO 08 AP 205JARDIM CARIOCA 21920445RIO DE JANEIRO RJ0000000000000000                                        000                            
0010001300211P 010595600000000400378 28877550000003128   10 003128           0712201600000000005738400000 02A2610201610812201600000000000000000000000000000000000000000000000000000000000000000000000000000000000000000031283050000090000000000 
0010001300212Q 011000037218433715SANDRA DOS ANJOS COSTA                  AVENIDA MAESTRO PAUL,505,BLOCO 08 AP 205JARDIM CARIOCA 21920445RIO DE JANEIRO RJ0000000000000000                                        000                            
0010001300213P 010595600000000400378 28877550000003129   10 003129           0711201600000000001897000000 02A2610201610811201600000000000000000000000000000000000000000000000000000000000000000000000000000000000000000031293050000090000000000 
0010001300214Q 011000001630455776MAURO FRANCISCO DA COSTA                RUA FILOMENA CARLOS MAGNO,43            INHOAIBA       23063055RIO DE JANEIRO RJ0000000000000000                                        000                            
0010001300215P 010595600000000400378 28877550000003130   10 003130           0712201600000000001897000000 02A2610201610812201600000000000000000000000000000000000000000000000000000000000000000000000000000000000000000031303050000090000000000 
0010001300216Q 011000001630455776MAURO FRANCISCO DA COSTA                RUA FILOMENA CARLOS MAGNO,43            INHOAIBA       23063055RIO DE JANEIRO RJ0000000000000000                                        000                            
0010001300217P 010595600000000400378 28877550000003131   10 003131           0711201600000000002093700000 02A2610201610811201600000000000000000000000000000000000000000000000000000000000000000000000000000000000000000031313050000090000000000 
0010001300218Q 011000010485577747MONIQUE DAMAS DA COSTA ANDRADE          RUA SA FREIRE,26,CASA 1                 SAO CRISTOVAO  20930430RIO DE JANEIRO RJ0000000000000000                                        000                            
0010001300219P 010595600000000400378 28877550000003132   10 003132           0712201600000000002093700000 02A2610201610812201600000000000000000000000000000000000000000000000000000000000000000000000000000000000000000031323050000090000000000 
0010001300220Q 011000010485577747MONIQUE DAMAS DA COSTA ANDRADE          RUA SA FREIRE,26,CASA 1                 SAO CRISTOVAO  20930430RIO DE JANEIRO RJ0000000000000000                                        000                            
0010001300221P 010595600000000400378 28877550000003133   10 003133           0711201600000000001841800000 02A2610201610811201600000000000000000000000000000000000000000000000000000000000000000000000000000000000000000031333050000090000000000 
0010001300222Q 011000007299854740ELIANA SANTOS CORREIA                   RUA JOSE,00,LOTE 12 QUADRA N            PALHADA?       26290093NOVA IGUACU    RJ0000000000000000                                        000                            
0010001300223P 010595600000000400378 28877550000003134   10 003134           0712201600000000001841800000 02A2610201610812201600000000000000000000000000000000000000000000000000000000000000000000000000000000000000000031343050000090000000000 
0010001300224Q 011000007299854740ELIANA SANTOS CORREIA                   RUA JOSE,00,LOTE 12 QUADRA N            PALHADA?       26290093NOVA IGUACU    RJ0000000000000000                                        000                            
0010001300225P 010595600000000400378 28877550000003135   10 003135           0711201600000000005738400000 02A2610201610811201600000000000000000000000000000000000000000000000000000000000000000000000000000000000000000031353050000090000000000 
0010001300226Q 011000079419623734DIVA COSTA PADILHA                      RUA JOSE DA SILVA,S/N,LOTE 5 QUADRA 16  COELHO DA ROCHA25550202SAO JOAO DE MERRJ0000000000000000                                        000                            
0010001300227P 010595600000000400378 28877550000003136   10 003136           0712201600000000005738400000 02A2610201610812201600000000000000000000000000000000000000000000000000000000000000000000000000000000000000000031363050000090000000000 
0010001300228Q 011000079419623734DIVA COSTA PADILHA                      RUA JOSE DA SILVA,S/N,LOTE 5 QUADRA 16  COELHO DA ROCHA25550202SAO JOAO DE MERRJ0000000000000000                                        000                            
0010001300229P 010595600000000400378 28877550000003137   10 003137           0711201600000000001270200000 02A2610201610811201600000000000000000000000000000000000000000000000000000000000000000000000000000000000000000031373050000090000000000 
0010001300230Q 011000018282892726MANUELA FIGUEIREDO DOS SANTOS           RUA BARAO DE SERTORIO,17,AP 101         RIO COMPRIDO   20261050RIO DE JANEIRO RJ0000000000000000                                        000                            
0010001300231P 010595600000000400378 28877550000003138   10 003138           0712201600000000001270200000 02A2610201610812201600000000000000000000000000000000000000000000000000000000000000000000000000000000000000000031383050000090000000000 
0010001300232Q 011000018282892726MANUELA FIGUEIREDO DOS SANTOS           RUA BARAO DE SERTORIO,17,AP 101         RIO COMPRIDO   20261050RIO DE JANEIRO RJ0000000000000000                                        000                            
0010001300233P 010595600000000400378 28877550000003139   10 003139           0711201600000000002350900000 02A2610201610811201600000000000000000000000000000000000000000000000000000000000000000000000000000000000000000031393050000090000000000 
0010001300234Q 011000002978648740JACQUELINE ABRIL PEGAS                  RUA EXPEDICIONARIO BENEDITO ESTEVES ,250PORTO DO ROSA  24472030SAO GONCALO    RJ0000000000000000                                        000                            
0010001300235P 010595600000000400378 28877550000003140   10 003140           0712201600000000002350900000 02A2610201610812201600000000000000000000000000000000000000000000000000000000000000000000000000000000000000000031403050000090000000000 
0010001300236Q 011000002978648740JACQUELINE ABRIL PEGAS                  RUA EXPEDICIONARIO BENEDITO ESTEVES ,250PORTO DO ROSA  24472030SAO GONCALO    RJ0000000000000000                                        000                            
0010001300237P 010595600000000400378 28877550000003141   10 003141           0711201600000000001231800000 02A2610201610811201600000000000000000000000000000000000000000000000000000000000000000000000000000000000000000031413050000090000000000 
0010001300238Q 011000011575340747LEONARDO DE ANDRADE FIRMINO             RUA PAULO PIR,100,AP 402 BLOCO 1 LOTE 05TOMAS COELHO   20750330RIO DE JANEIRO RJ0000000000000000                                        000                            
0010001300239P 010595600000000400378 28877550000003142   10 003142           0712201600000000001231800000 02A2610201610812201600000000000000000000000000000000000000000000000000000000000000000000000000000000000000000031423050000090000000000 
0010001300240Q 011000011575340747LEONARDO DE ANDRADE FIRMINO             RUA PAULO PIR,100,AP 402 BLOCO 1 LOTE 05TOMAS COELHO   20750330RIO DE JANEIRO RJ0000000000000000                                        000                            
0010001300241P 010595600000000400378 28877550000003143   10 003143           0711201600000000007593800000 02A2610201610811201600000000000000000000000000000000000000000000000000000000000000000000000000000000000000000031433050000090000000000 
0010001300242Q 011000027556034704MARIA ELIZABETH LOPES MARCOS            RUA JOAQUINA ROSA,231,AP 204            MEIER          20710080RIO DE JANEIRO RJ0000000000000000                                        000                            
0010001300243P 010595600000000400378 28877550000003144   10 003144           0712201600000000007593800000 02A2610201610812201600000000000000000000000000000000000000000000000000000000000000000000000000000000000000000031443050000090000000000 
0010001300244Q 011000027556034704MARIA ELIZABETH LOPES MARCOS            RUA JOAQUINA ROSA,231,AP 204            MEIER          20710080RIO DE JANEIRO RJ0000000000000000                                        000                            
0010001300245P 010595600000000400378 28877550000003145   10 003145           0711201600000000001841800000 02A2610201610811201600000000000000000000000000000000000000000000000000000000000000000000000000000000000000000031453050000090000000000 
0010001300246Q 011000007777799789ALESSANDRA GOMES DA CRUZ                RUA MARTINS DE NANTES,25,SOBRADO        GUADALUPE      21675560RIO DE JANEIRO RJ0000000000000000                                        000                            
0010001300247P 010595600000000400378 28877550000003146   10 003146           0712201600000000001841800000 02A2610201610812201600000000000000000000000000000000000000000000000000000000000000000000000000000000000000000031463050000090000000000 
0010001300248Q 011000007777799789ALESSANDRA GOMES DA CRUZ                RUA MARTINS DE NANTES,25,SOBRADO        GUADALUPE      21675560RIO DE JANEIRO RJ0000000000000000                                        000                            
0010001300249P 010595600000000400378 28877550000003147   10 003147           0711201600000000001631600000 02A2610201610811201600000000000000000000000000000000000000000000000000000000000000000000000000000000000000000031473050000090000000000 
0010001300250Q 011000018529156765JOAO VICTOR MATOS MACHADO               RUA ALECRIM,441                         VILA KOSMOS    21220050RIO DE JANEIRO RJ0000000000000000                                        000                            
0010001300251P 010595600000000400378 28877550000003148   10 003148           0712201600000000001631600000 02A2610201610812201600000000000000000000000000000000000000000000000000000000000000000000000000000000000000000031483050000090000000000 
0010001300252Q 011000018529156765JOAO VICTOR MATOS MACHADO               RUA ALECRIM,441                         VILA KOSMOS    21220050RIO DE JANEIRO RJ0000000000000000                                        000                            
0010001300253P 010595600000000400378 28877550000003149   10 003149           0711201600000000001270200000 02A2610201610811201600000000000000000000000000000000000000000000000000000000000000000000000000000000000000000031493050000090000000000 
0010001300254Q 011000018461526740ANA JULIA CORREA                        ESTRADA DO OUTEIRO SANTO,509,CASA 30    TAQUARA        22713169RIO DE JANEIRO RJ0000000000000000                                        000                            
0010001300255P 010595600000000400378 28877550000003150   10 003150           0712201600000000001270200000 02A2610201610812201600000000000000000000000000000000000000000000000000000000000000000000000000000000000000000031503050000090000000000 
0010001300256Q 011000018461526740ANA JULIA CORREA                        ESTRADA DO OUTEIRO SANTO,509,CASA 30    TAQUARA        22713169RIO DE JANEIRO RJ0000000000000000                                        000                            
0010001300257P 010595600000000400378 28877550000003151   10 003151           0711201600000000004776000000 02A2610201610811201600000000000000000000000000000000000000000000000000000000000000000000000000000000000000000031513050000090000000000 
0010001300258Q 011000078771412700ELIANE DE MELLO OLIVEIRA GENTIL         RUA PADRE ILD,103,BLOCO 02 GR 11 AP 1003MEIER          20775020RIO DE JANEIRO RJ0000000000000000                                        000                            
0010001300259P 010595600000000400378 28877550000003152   10 003152           0712201600000000004776000000 02A2610201610812201600000000000000000000000000000000000000000000000000000000000000000000000000000000000000000031523050000090000000000 
0010001300260Q 011000078771412700ELIANE DE MELLO OLIVEIRA GENTIL         RUA PADRE ILD,103,BLOCO 02 GR 11 AP 1003MEIER          20775020RIO DE JANEIRO RJ0000000000000000                                        000                            
0010001300261P 010595600000000400378 28877550000003153   10 003153           0711201600000000001629900000 02A2610201610811201600000000000000000000000000000000000000000000000000000000000000000000000000000000000000000031533050000090000000000 
0010001300262Q 011000010196968771VINICIUS MOREIRA DA COSTA               RUA DELFINA ENES,620,AP 303             PENHA          21011400RIO DE JANEIRO RJ0000000000000000                                        000                            
0010001300263P 010595600000000400378 28877550000003154   10 003154           0712201600000000001629900000 02A2610201610812201600000000000000000000000000000000000000000000000000000000000000000000000000000000000000000031543050000090000000000 
0010001300264Q 011000010196968771VINICIUS MOREIRA DA COSTA               RUA DELFINA ENES,620,AP 303             PENHA          21011400RIO DE JANEIRO RJ0000000000000000                                        000                            
0010001300265P 010595600000000400378 28877550000003155   10 003155           0711201600000000004953800000 02A2610201610811201600000000000000000000000000000000000000000000000000000000000000000000000000000000000000000031553050000090000000000 
0010001300266Q 011000009089952705ANDRE BARCELLOS VIEIRA                  ESTRADA CAXAMBU,00                      CAXAMBU        25615080PETROPOLIS     RJ0000000000000000                                        000                            
0010001300267P 010595600000000400378 28877550000003156   10 003156           0712201600000000004953800000 02A2610201610812201600000000000000000000000000000000000000000000000000000000000000000000000000000000000000000031563050000090000000000 
0010001300268Q 011000009089952705ANDRE BARCELLOS VIEIRA                  ESTRADA CAXAMBU,00                      CAXAMBU        25615080PETROPOLIS     RJ0000000000000000                                        000                            
0010001300269P 010595600000000400378 28877550000003157   10 003157           0711201600000000002073000000 02A2610201610811201600000000000000000000000000000000000000000000000000000000000000000000000000000000000000000031573050000090000000000 
0010001300270Q 011000008219880694FLAVIA CRISTINA LIMA DE AMORIM          RUA EULINA RIBEIRO,310,BLOCO 01 AP 312  ENGENHO DE DENT20745110RIO DE JANEIRO RJ0000000000000000                                        000                            
0010001300271P 010595600000000400378 28877550000003158   10 003158           0712201600000000002073000000 02A2610201610812201600000000000000000000000000000000000000000000000000000000000000000000000000000000000000000031583050000090000000000 
0010001300272Q 011000008219880694FLAVIA CRISTINA LIMA DE AMORIM          RUA EULINA RIBEIRO,310,BLOCO 01 AP 312  ENGENHO DE DENT20745110RIO DE JANEIRO RJ0000000000000000                                        000                            
00100015         000274                                                                                                                                                                                                                         
00199999         000001000276000000                                                                                                                                                                                                             