00100000         249938327000106002887755001411019  0595600000000400378 UBRASP                        BANCO DO BRASIL S.A.                    12709201617041500000000000000                                                                     
00100011R01  000 2049938327000106002887755001411019  0595600000000400378 UBRASP                                                                                                        000000000000000000000000                                 
0010001300001P 010595600000000400378 28877550000002659   10 002659           0711201600000000001631600000 02A2709201610811201600000000000000000000000000000000000000000000000000000000000000000000000000000000000000000026593050000090000000000 
0010001300002Q 011000019464631759PATRICIA MORAES DA COSTA                RUA HENRIQUE FLEIUSS,477,B CASA 07      TIJUCA         20521260RIO DE JANEIRO RJ0000000000000000                                        000                            
0010001300003P 010595600000000400378 28877550000002660   10 002660           0711201600000000001649800000 02A2709201610811201600000000000000000000000000000000000000000000000000000000000000000000000000000000000000000026603050000090000000000 
0010001300004Q 011000046931031368MARIA DE FATIMA DE SOUSA                RUA EUCLIDES DA ROCHA,673,AP 101        COPACABANA     22031100RIO DE JANEIRO RJ0000000000000000                                        000                            
0010001300005P 010595600000000400378 28877550000002661   10 002661           0711201600000000003609000000 02A2709201610811201600000000000000000000000000000000000000000000000000000000000000000000000000000000000000000026613050000090000000000 
0010001300006Q 011000072202165720MARIA APARECIDA PEREIRA COSTA           AVENIDA - LADO IMPAR,1543,CASA 21       BONSUCESSO?    21061021RIO DE JANEIRO RJ0000000000000000                                        000                            
0010001300007P 010595600000000400378 28877550000002662   10 002662           0711201600000000005738400000 02A2709201610811201600000000000000000000000000000000000000000000000000000000000000000000000000000000000000000026623050000090000000000 
0010001300008Q 011000053551842787SELMA COUTINHO RIBEIRO                  AVENIDA PRESIDENTE VARGAS,542,SALA 506  CENTRO?        20071901RIO DE JANEIRO RJ0000000000000000                                        000                            
0010001300009P 010595600000000400378 28877550000002663   10 002663           0711201600000000006604100000 02A2709201610811201600000000000000000000000000000000000000000000000000000000000000000000000000000000000000000026633050000090000000000 
0010001300010Q 011000038665484787CRISTINA MARIA FERREIRA BASTOS          RUA GODOFREDO VIANA,125,BLOCO 01 AP 304 TAQUARA        22730020RIO DE JANEIRO RJ0000000000000000                                        000                            
0010001300011P 010595600000000400378 28877550000002664   10 002664           0711201600000000001391800000 02A2709201610811201600000000000000000000000000000000000000000000000000000000000000000000000000000000000000000026643050000090000000000 
0010001300012Q 011000029437932808SHIRLEIDE BATISTA MENDES                RUA DO BISPO,94,BLOCO 02 AP 1207        RIO COMPRIDO   20261064RIO DE JANEIRO RJ0000000000000000                                        000                            
0010001300013P 010595600000000400378 28877550000002665   10 002665           0711201600000000009755800000 02A2709201610811201600000000000000000000000000000000000000000000000000000000000000000000000000000000000000000026653050000090000000000 
0010001300014Q 011000056424043772RAIMUNDO DIAS FARIAS                    RUA ALBANO,328,CASA 27                  PRACA SECA     22733010RIO DE JANEIRO RJ0000000000000000                                        000                            
0010001300015P 010595600000000400378 28877550000002666   10 002666           0711201600000000001613700000 02A2709201610811201600000000000000000000000000000000000000000000000000000000000000000000000000000000000000000026663050000090000000000 
0010001300016Q 011000014414954797FABIANO CHAGAS CORDEIRO                 RUA AROAZES,195,AP  906                 JACAREPAGUA    22775060RIO DE JANEIRO RJ0000000000000000                                        000                            
0010001300017P 010595600000000400378 28877550000002667   10 002667           0711201600000000002705700000 02A2709201610811201600000000000000000000000000000000000000000000000000000000000000000000000000000000000000000026673050000090000000000 
0010001300018Q 011000007813895770SILVANI JOSE DE SOUSA                   AVENIDA AUGUSTO SEVERO,292,AP 904       GLORIA         20021040RIO DE JANEIRO RJ0000000000000000                                        000                            
0010001300019P 010595600000000400378 28877550000002668   10 002668           0711201600000000002093700000 02A2709201610811201600000000000000000000000000000000000000000000000000000000000000000000000000000000000000000026683050000090000000000 
0010001300020Q 011000010845469738FILIPE OLIVEIRA DOS REIS                RUA FRANCISCO SA,88,AP 314              COPACABANA     22080010RIO DE JANEIRO RJ0000000000000000                                        000                            
0010001300021P 010595600000000400378 28877550000002669   10 002669           0711201600000000003609000000 02A2709201610811201600000000000000000000000000000000000000000000000000000000000000000000000000000000000000000026693050000090000000000 
0010001300022Q 011000066292794768ROBSON FERREIRA CAMPOS                  RUA DO COUTO,29,BLOCO 1 AP 214          PENHA          21020410RIO DE JANEIRO RJ0000000000000000                                        000                            
0010001300023P 010595600000000400378 28877550000002670   10 002670           0711201600000000005738400000 02A2709201610811201600000000000000000000000000000000000000000000000000000000000000000000000000000000000000000026703050000090000000000 
0010001300024Q 011000060855363720GILDETE NEVES TRAVASSOS                 RUA JESSE,154                           CIDADE DE DEUS 22773350RIO DE JANEIRO RJ0000000000000000                                        000                            
0010001300025P 010595600000000400378 28877550000002671   10 002671           0711201600000000003702300000 02A2709201610811201600000000000000000000000000000000000000000000000000000000000000000000000000000000000000000026713050000090000000000 
0010001300026Q 011000091287502768RODOLFO JOSE DE CASTELLO BRANCO         AVENIDA JULIO FURTADO,111,AP 202        GRAJAU         20561010RIO DE JANEIRO RJ0000000000000000                                        000                            
0010001300027P 010595600000000400378 28877550000002672   10 002672           0711201600000000003219800000 02A2709201610811201600000000000000000000000000000000000000000000000000000000000000000000000000000000000000000026723050000090000000000 
0010001300028Q 011000000350599742ANA CLAUDIA VIEIRA PEREIRA CAMPOS       RUA DO COUTO,29,BLOCO 01 AP 214         PENHA          21020410RIO DE JANEIRO RJ0000000000000000                                        000                            
0010001300029P 010595600000000400378 28877550000002673   10 002673           0711201600000000001403400000 02A2709201610811201600000000000000000000000000000000000000000000000000000000000000000000000000000000000000000026733050000090000000000 
0010001300030Q 011000014456956771THAMIRES BASTOS SILVA                   ESTRADA DE JACAREPAGUA,57,CASA 14 A     ITANHANGA      22753030RIO DE JANEIRO RJ0000000000000000                                        000                            
0010001300031P 010595600000000400378 28877550000002674   10 002674           0711201600000000009755800000 02A2709201610811201600000000000000000000000000000000000000000000000000000000000000000000000000000000000000000026743050000090000000000 
0010001300032Q 011000011686448791PEDRO DA COSTA SANTOS                   RUA JACINTO RABELO,553,CASA             CHACARA FLORA  25635470PETROPOLIS     RJ0000000000000000                                        000                            
0010001300033P 010595600000000400378 28877550000002675   10 002675           0711201600000000001104600000 02A2709201610811201600000000000000000000000000000000000000000000000000000000000000000000000000000000000000000026753050000090000000000 
0010001300034Q 011000016577824762DAVI LUCCA HERMENEGILDO CHAGAS DE SOUZA AVENIDA PERNAMBUCANA,1119,CASA          VILA ROSALI    25510430SAO JOAO DE MERRJ0000000000000000                                        000                            
0010001300035P 010595600000000400378 28877550000002676   10 002676           0711201600000000002209200000 02A2709201610811201600000000000000000000000000000000000000000000000000000000000000000000000000000000000000000026763050000090000000000 
0010001300036Q 011000019495526752SARAH REGINA ALVES DA SILVA             RUA CONEGO BOUCHER PINTO,58,CASA        HONORIO GURGEL 21511290RIO DE JANEIRO RJ0000000000000000                                        000                            
0010001300037P 010595600000000400378 28877550000002677   10 002677           0711201600000000002705700000 02A2709201610811201600000000000000000000000000000000000000000000000000000000000000000000000000000000000000000026773050000090000000000 
0010001300038Q 011000001188959743ANDREA CRUZ OLIVEIRA                    ESTRADA DO QUITUNGO,660,CASA 03         BRAS DE PINA   21215563RIO DE JANEIRO RJ0000000000000000                                        000                            
0010001300039P 010595600000000400378 28877550000002678   10 002678           0711201600000000001104600000 02A2709201610811201600000000000000000000000000000000000000000000000000000000000000000000000000000000000000000026783050000090000000000 
0010001300040Q 011000018260883775ISAAC RODRIGUES OLIVEIRA                RUA MARECHAL MARCIANO,1794,CASA         REALENGO       21721011RIO DE JANEIRO RJ0000000000000000                                        000                            
0010001300041P 010595600000000400378 28877550000002679   10 002679           0711201600000000002705700000 02A2709201610811201600000000000000000000000000000000000000000000000000000000000000000000000000000000000000000026793050000090000000000 
0010001300042Q 011000001855695790ANA PAULA RODRIGUES LOPES OLIVEIRA      RUA MARECHAL MARCIANO,1794,CASA         REALENGO       21721011RIO DE JANEIRO RJ0000000000000000                                        000                            
0010001300043P 010595600000000400378 28877550000002680   10 002680           0711201600000000002705700000 02A2709201610811201600000000000000000000000000000000000000000000000000000000000000000000000000000000000000000026803050000090000000000 
0010001300044Q 011000001160717702MARIA JOSE DIONIZIO DA SILVA            AVENIDA CIDADE DE DE,26,CASA 12 QUADRA 5CIDADE DE DEUS 22773200RIO DE JANEIRO RJ0000000000000000                                        000                            
0010001300045P 010595600000000400378 28877550000002681   10 002681           0710201600000000006604100000 02A2709201610810201600000000000000000000000000000000000000000000000000000000000000000000000000000000000000000026813050000090000000000 
0010001300046Q 011000077101049753VILMA FELIX DA SILVA                    RUA ANA ALVES,64,CASA                   PARQUE SAO NICO25530150SAO JOAO DE MERRJ0000000000000000                                        000                            
0010001300047P 010595600000000400378 28877550000002682   10 002682           0711201600000000006604100000 02A2709201610811201600000000000000000000000000000000000000000000000000000000000000000000000000000000000000000026823050000090000000000 
0010001300048Q 011000077101049753VILMA FELIX DA SILVA                    RUA ANA ALVES,64,CASA                   PARQUE SAO NICO25530150SAO JOAO DE MERRJ0000000000000000                                        000                            
0010001300049P 010595600000000400378 28877550000002683   10 002683           0710201600000000002705700000 02A2709201610810201600000000000000000000000000000000000000000000000000000000000000000000000000000000000000000026833050000090000000000 
0010001300050Q 011000091061008720VANUZA DA SILVA GUIMARAES               RUA DONA EUGENIA,17,CASA 03             ENGENHO DE DENT20755300RIO DE JANEIRO RJ0000000000000000                                        000                            
0010001300051P 010595600000000400378 28877550000002684   10 002684           0711201600000000002705700000 02A2709201610811201600000000000000000000000000000000000000000000000000000000000000000000000000000000000000000026843050000090000000000 
0010001300052Q 011000091061008720VANUZA DA SILVA GUIMARAES               RUA DONA EUGENIA,17,CASA 03             ENGENHO DE DENT20755300RIO DE JANEIRO RJ0000000000000000                                        000                            
0010001300053P 010595600000000400378 28877550000002685   10 002685           0710201600000000001841800000 02A2709201610810201600000000000000000000000000000000000000000000000000000000000000000000000000000000000000000026853050000090000000000 
0010001300054Q 011000010436518708GLAUCIA SILVA SOARES                    RUA YONE ENNES,36,CASA                  JARDIM MONTE CA26041690NOVA IGUACU    RJ0000000000000000                                        000                            
0010001300055P 010595600000000400378 28877550000002686   10 002686           0711201600000000001841800000 02A2709201610811201600000000000000000000000000000000000000000000000000000000000000000000000000000000000000000026863050000090000000000 
0010001300056Q 011000010436518708GLAUCIA SILVA SOARES                    RUA YONE ENNES,36,CASA                  JARDIM MONTE CA26041690NOVA IGUACU    RJ0000000000000000                                        000                            
0010001300057P 010595600000000400378 28877550000002687   10 002687           0710201600000000005738400000 02A2709201610810201600000000000000000000000000000000000000000000000000000000000000000000000000000000000000000026873050000090000000000 
0010001300058Q 011000038610663787ROSARIA DE FATIMA DA SILVA              RUA COMANDANTE MAURITI,5,CASA           SANTO CRISTO   20220611RIO DE JANEIRO RJ0000000000000000                                        000                            
0010001300059P 010595600000000400378 28877550000002688   10 002688           0711201600000000005738400000 02A2709201610811201600000000000000000000000000000000000000000000000000000000000000000000000000000000000000000026883050000090000000000 
0010001300060Q 011000038610663787ROSARIA DE FATIMA DA SILVA              RUA COMANDANTE MAURITI,5,CASA           SANTO CRISTO   20220611RIO DE JANEIRO RJ0000000000000000                                        000                            
0010001300061P 010595600000000400378 28877550000002689   10 002689           0710201600000000006604100000 02A2709201610810201600000000000000000000000000000000000000000000000000000000000000000000000000000000000000000026893050000090000000000 
0010001300062Q 011000079419623734DIVA COSTA PADILHA                      RUA ARRUDA NEGREIRO,S/N,LOTE 5 QUADRA 16COELHO DA ROCHA25550200SAO JOAO DE MERRJ0000000000000000                                        000                            
0010001300063P 010595600000000400378 28877550000002690   10 002690           0711201600000000006604100000 02A2709201610811201600000000000000000000000000000000000000000000000000000000000000000000000000000000000000000026903050000090000000000 
0010001300064Q 011000079419623734DIVA COSTA PADILHA                      RUA ARRUDA NEGREIRO,S/N,LOTE 5 QUADRA 16COELHO DA ROCHA25550200SAO JOAO DE MERRJ0000000000000000                                        000                            
0010001300065P 010595600000000400378 28877550000002691   10 002691           0710201600000000001104600000 02A2709201610810201600000000000000000000000000000000000000000000000000000000000000000000000000000000000000000026913050000090000000000 
0010001300066Q 011000017383569733LARISSA LOBAO ALVES                     RUA ISIDRO ROCHA,130,LOJA A             VIGARIO GERAL  21241180RIO DE JANEIRO RJ0000000000000000                                        000                            
0010001300067P 010595600000000400378 28877550000002692   10 002692           0711201600000000001104600000 02A2709201610811201600000000000000000000000000000000000000000000000000000000000000000000000000000000000000000026923050000090000000000 
0010001300068Q 011000017383569733LARISSA LOBAO ALVES                     RUA ISIDRO ROCHA,130,LOJA A             VIGARIO GERAL  21241180RIO DE JANEIRO RJ0000000000000000                                        000                            
0010001300069P 010595600000000400378 28877550000002693   10 002693           0710201600000000001417400000 02A2709201610810201600000000000000000000000000000000000000000000000000000000000000000000000000000000000000000026933050000090000000000 
0010001300070Q 011000010318946750LUANNA KARINA DA SILVA                  RUA VAZ LOBO,579,CASA C                 VAZ LOBO       21361030RIO DE JANEIRO RJ0000000000000000                                        000                            
0010001300071P 010595600000000400378 28877550000002694   10 002694           0711201600000000001417400000 02A2709201610811201600000000000000000000000000000000000000000000000000000000000000000000000000000000000000000026943050000090000000000 
0010001300072Q 011000010318946750LUANNA KARINA DA SILVA                  RUA VAZ LOBO,579,CASA C                 VAZ LOBO       21361030RIO DE JANEIRO RJ0000000000000000                                        000                            
00100015         000074                                                                                                                                                                                                                         
00199999         000001000076000000                                                                                                                                                                                                             