00100000         249938327000106002887755001411019  0595600000000400378 UBRASP                        BANCO DO BRASIL S.A.                    12308201609141900000000000000                                                                     
00100011R01  000 2049938327000106002887755001411019  0595600000000400378 UBRASP                                                                                                        000000000000000000000000                                 
0010001300001P 010595600000000400378 0000000000000000000010 00982            0710201600000000002705700000 02A2308201610810201600000000000000000000000000000000000000000000000000000000000000000000000000000000000000000009822050000090000000000 
0010001300002Q 011000000057968730HILCILENE SANTIAGO DE SOUZA             RUA QUIRIRIM,1101,BLOCO 02 AP 807       VILA VALQUEIRE 21330650RIO DE JANEIRO RJ0000000000000000                                        000                            
0010001300003P 010595600000000400378 0000000000000000000010 00983            0711201600000000002705700000 02A2308201610811201600000000000000000000000000000000000000000000000000000000000000000000000000000000000000000009832050000090000000000 
0010001300004Q 011000000057968730HILCILENE SANTIAGO DE SOUZA             RUA QUIRIRIM,1101,BLOCO 02 AP 807       VILA VALQUEIRE 21330650RIO DE JANEIRO RJ0000000000000000                                        000                            
0010001300005P 010595600000000400378 0000000000000000000010 00984            0710201600000000002073000000 02A2308201610810201600000000000000000000000000000000000000000000000000000000000000000000000000000000000000000009842050000090000000000 
0010001300006Q 011000013979764702CHRISTOPHER DAUZACKER CREINDEL          RUA EMMANUEL PEREIRA DAS NEVES ,194,CASAPIRATININGA    24358170NITEROI        RJ0000000000000000                                        000                            
0010001300007P 010595600000000400378 0000000000000000000010 00985            0711201600000000002073000000 02A2308201610811201600000000000000000000000000000000000000000000000000000000000000000000000000000000000000000009852050000090000000000 
0010001300008Q 011000013979764702CHRISTOPHER DAUZACKER CREINDEL          RUA EMMANUEL PEREIRA DAS NEVES ,194,CASAPIRATININGA    24358170NITEROI        RJ0000000000000000                                        000                            
0010001300009P 010595600000000400378 0000000000000000000010 00986            0710201600000000002508000000 02A2308201610810201600000000000000000000000000000000000000000000000000000000000000000000000000000000000000000009862050000090000000000 
0010001300010Q 011000013676894731MIKAELA GAMELEIRA FRANCISCO             RUA SENADOR DANTAS,71,COBERTURA 03      CENTRO         20031202RIO DE JANEIRO RJ0000000000000000                                        000                            
0010001300011P 010595600000000400378 0000000000000000000010 00987            0711201600000000002508000000 02A2308201610811201600000000000000000000000000000000000000000000000000000000000000000000000000000000000000000009872050000090000000000 
0010001300012Q 011000013676894731MIKAELA GAMELEIRA FRANCISCO             RUA SENADOR DANTAS,71,COBERTURA 03      CENTRO         20031202RIO DE JANEIRO RJ0000000000000000                                        000                            
0010001300013P 010595600000000400378 0000000000000000000010 00988            0710201600000000006604100000 02A2308201610810201600000000000000000000000000000000000000000000000000000000000000000000000000000000000000000009882050000090000000000 
0010001300014Q 011000013212486449NADJA DA COSTA MORAIS                   RUA NAUTICA,73,302                      COCOTA         21910350RIO DE JANEIRO RJ0000000000000000                                        000                            
0010001300015P 010595600000000400378 0000000000000000000010 00989            0711201600000000006604100000 02A2308201610811201600000000000000000000000000000000000000000000000000000000000000000000000000000000000000000009892050000090000000000 
0010001300016Q 011000013212486449NADJA DA COSTA MORAIS                   RUA NAUTICA,73,302                      COCOTA         21910350RIO DE JANEIRO RJ0000000000000000                                        000                            
0010001300017P 010595600000000400378 0000000000000000000010 00978            0710201600000000001270200000 02A2308201610810201600000000000000000000000000000000000000000000000000000000000000000000000000000000000000000009782050000090000000000 
0010001300018Q 011000019340339797JULIA SANTOS DE OLIVEIRA CARVALHO       RUA CACEQUI,140,CASA 01                 BRAS DE PINA   21210760RIO DE JANEIRO RJ0000000000000000                                        000                            
0010001300019P 010595600000000400378 0000000000000000000010 00979            0711201600000000001270200000 02A2308201610811201600000000000000000000000000000000000000000000000000000000000000000000000000000000000000000009792050000090000000000 
0010001300020Q 011000019340339797JULIA SANTOS DE OLIVEIRA CARVALHO       RUA CACEQUI,140,CASA 01                 BRAS DE PINA   21210760RIO DE JANEIRO RJ0000000000000000                                        000                            
0010001300021P 010595600000000400378 0000000000000000000010 00980            0710201600000000001104600000 02A2308201610810201600000000000000000000000000000000000000000000000000000000000000000000000000000000000000000009802050000090000000000 
0010001300022Q 011000013974581600ANNA BEATRIZ CELERGE  BARROSO NEVES     RUA ALMEIDA REIS,23,FUNDOS              CAVALCANTI     21370290RIO DE JANEIRO RJ0000000000000000                                        000                            
0010001300023P 010595600000000400378 0000000000000000000010 00981            0711201600000000001104600000 02A2308201610811201600000000000000000000000000000000000000000000000000000000000000000000000000000000000000000009812050000090000000000 
0010001300024Q 011000013974581600ANNA BEATRIZ CELERGE  BARROSO NEVES     RUA ALMEIDA REIS,23,FUNDOS              CAVALCANTI     21370290RIO DE JANEIRO RJ0000000000000000                                        000                            
0010001300025P 010595600000000400378 0000000000000000000010 00990            0710201600000000007593800000 02A2308201610810201600000000000000000000000000000000000000000000000000000000000000000000000000000000000000000009902050000090000000000 
0010001300026Q 011000026328348720RICARDO FONTA CRUZ                      RUA ALVARO RAMOS,89,AP 104              BOTAFOGO       22280110RIO DE JANEIRO RJ0000000000000000                                        000                            
0010001300027P 010595600000000400378 0000000000000000000010 00991            0711201600000000007593800000 02A2308201610811201600000000000000000000000000000000000000000000000000000000000000000000000000000000000000000009912050000090000000000 
0010001300028Q 011000026328348720RICARDO FONTA CRUZ                      RUA ALVARO RAMOS,89,AP 104              BOTAFOGO       22280110RIO DE JANEIRO RJ0000000000000000                                        000                            
0010001300029P 010595600000000400378 0000000000000000000010 00992            0710201600000000001536900000 02A2308201610810201600000000000000000000000000000000000000000000000000000000000000000000000000000000000000000009922050000090000000000 
0010001300030Q 011000012536273717NATHALIA CRISTINA GUILHERMINO GUIMARAES RUA BORJA REIS,1255,BLOCO 8 AP 304      ENGENHO DE DENT20745100RIO DE JANEIRO RJ0000000000000000                                        000                            
0010001300031P 010595600000000400378 0000000000000000000010 00993            0711201600000000001536900000 02A2308201610811201600000000000000000000000000000000000000000000000000000000000000000000000000000000000000000009932050000090000000000 
0010001300032Q 011000012536273717NATHALIA CRISTINA GUILHERMINO GUIMARAES RUA BORJA REIS,1255,BLOCO 8 AP 304      ENGENHO DE DENT20745100RIO DE JANEIRO RJ0000000000000000                                        000                            
0010001300033P 010595600000000400378 0000000000000000000010 00994            0710201600000000001536900000 02A2308201610810201600000000000000000000000000000000000000000000000000000000000000000000000000000000000000000009942050000090000000000 
0010001300034Q 011000016514577784ELLEN ESTEFANIA SILVA RODRIGUES         RUA COMENDADOR PINTO,527,CASA 10        CAMPINHO       21341370RIO DE JANEIRO RJ0000000000000000                                        000                            
0010001300035P 010595600000000400378 0000000000000000000010 00995            0711201600000000001536900000 02A2308201610811201600000000000000000000000000000000000000000000000000000000000000000000000000000000000000000009952050000090000000000 
0010001300036Q 011000016514577784ELLEN ESTEFANIA SILVA RODRIGUES         RUA COMENDADOR PINTO,527,CASA 10        CAMPINHO       21341370RIO DE JANEIRO RJ0000000000000000                                        000                            
0010001300037P 010595600000000400378 0000000000000000000010 00996            0710201600000000002705700000 02A2308201610810201600000000000000000000000000000000000000000000000000000000000000000000000000000000000000000009962050000090000000000 
0010001300038Q 011000000287243729MARIA DAS GRACAS DOS SANTOS BASTOS      RUA CACU,150,RUA J                      TAQUARA        22710074RIO DE JANEIRO RJ0000000000000000                                        000                            
0010001300039P 010595600000000400378 0000000000000000000010 00997            0711201600000000002705700000 02A2308201610811201600000000000000000000000000000000000000000000000000000000000000000000000000000000000000000009972050000090000000000 
0010001300040Q 011000000287243729MARIA DAS GRACAS DOS SANTOS BASTOS      RUA CACU,150,RUA J                      TAQUARA        22710074RIO DE JANEIRO RJ0000000000000000                                        000                            
0010001300041P 010595600000000400378 0000000000000000000010 00998            0710201600000000003725300000 02A2308201610810201600000000000000000000000000000000000000000000000000000000000000000000000000000000000000000009982050000090000000000 
0010001300042Q 011000011248686748ALINE CRISTINA DA SILVA BARBOSA         AVENIDA PAST,6400,BLOCO 01 GR 12 AP 1208VICENTE DE CARV21220301RIO DE JANEIRO RJ0000000000000000                                        000                            
0010001300043P 010595600000000400378 0000000000000000000010 00999            0711201600000000003725300000 02A2308201610811201600000000000000000000000000000000000000000000000000000000000000000000000000000000000000000009992050000090000000000 
0010001300044Q 011000011248686748ALINE CRISTINA DA SILVA BARBOSA         AVENIDA PAST,6400,BLOCO 01 GR 12 AP 1208VICENTE DE CARV21220301RIO DE JANEIRO RJ0000000000000000                                        000                            
0010001300045P 010595600000000400378 0000000000000000000010 001000           0710201600000000002093700000 02A2308201610810201600000000000000000000000000000000000000000000000000000000000000000000000000000000000000000010002050000090000000000 
0010001300046Q 011000010579937780ARIANA MAYARA VIANA DE SOUZA            ESTRADA DO TAQUARAL,0,TRAVESSA 7 CASA 2 BANGU          21843000RIO DE JANEIRO RJ0000000000000000                                        000                            
0010001300047P 010595600000000400378 0000000000000000000010 001001           0711201600000000002093700000 02A2308201610811201600000000000000000000000000000000000000000000000000000000000000000000000000000000000000000010012050000090000000000 
0010001300048Q 011000010579937780ARIANA MAYARA VIANA DE SOUZA            ESTRADA DO TAQUARAL,0,TRAVESSA 7 CASA 2 BANGU          21843000RIO DE JANEIRO RJ0000000000000000                                        000                            
0010001300049P 010595600000000400378 0000000000000000000010 001002           0710201600000000001613700000 02A2308201610810201600000000000000000000000000000000000000000000000000000000000000000000000000000000000000000010022050000090000000000 
0010001300050Q 011000014035854743JONATHAN FERNANDES DE AGUIAR            ESTRADA ALMIRANT,1,EN 1 BLOCO 03 AP 507 BARROS FILHO   21665210RIO DE JANEIRO RJ0000000000000000                                        000                            
0010001300051P 010595600000000400378 0000000000000000000010 001003           0711201600000000001613700000 02A2308201610811201600000000000000000000000000000000000000000000000000000000000000000000000000000000000000000010032050000090000000000 
0010001300052Q 011000014035854743JONATHAN FERNANDES DE AGUIAR            ESTRADA ALMIRANT,1,EN 1 BLOCO 03 AP 507 BARROS FILHO   21665210RIO DE JANEIRO RJ0000000000000000                                        000                            
0010001300053P 010595600000000400378 0000000000000000000010 001004           0710201600000000001629900000 02A2308201610810201600000000000000000000000000000000000000000000000000000000000000000000000000000000000000000010042050000090000000000 
0010001300054Q 011000010744246709LEILA CRISTINA DE OLIVEIRA CORREA       ESTRADA DO OUTEIRO SANTO,509,CASA 30    TAQUARA        22713169RIO DE JANEIRO RJ0000000000000000                                        000                            
0010001300055P 010595600000000400378 0000000000000000000010 001005           0711201600000000001629900000 02A2308201610811201600000000000000000000000000000000000000000000000000000000000000000000000000000000000000000010052050000090000000000 
0010001300056Q 011000010744246709LEILA CRISTINA DE OLIVEIRA CORREA       ESTRADA DO OUTEIRO SANTO,509,CASA 30    TAQUARA        22713169RIO DE JANEIRO RJ0000000000000000                                        000                            
0010001300057P 010595600000000400378 0000000000000000000010 001006           0710201600000000001104600000 02A2308201610810201600000000000000000000000000000000000000000000000000000000000000000000000000000000000000000010062050000090000000000 
0010001300058Q 011000018599042700ANNA CLARA BATISTA SILVA DE SOUZA       RUA CORURIPE,360,AP 201                 MARECHAL HERMES21555490RIO DE JANEIRO RJ0000000000000000                                        000                            
0010001300059P 010595600000000400378 0000000000000000000010 001007           0711201600000000001104600000 02A2308201610811201600000000000000000000000000000000000000000000000000000000000000000000000000000000000000000010072050000090000000000 
0010001300060Q 011000018599042700ANNA CLARA BATISTA SILVA DE SOUZA       RUA CORURIPE,360,AP 201                 MARECHAL HERMES21555490RIO DE JANEIRO RJ0000000000000000                                        000                            
0010001300061P 010595600000000400378 0000000000000000000010 001008           0710201600000000001601700000 02A2308201610810201600000000000000000000000000000000000000000000000000000000000000000000000000000000000000000010082050000090000000000 
0010001300062Q 011000010245857788ANDERSON JOSE DA SILVA                  RUA BUENOS AIRES,126                    CENTRO         20070022RIO DE JANEIRO RJ0000000000000000                                        000                            
0010001300063P 010595600000000400378 0000000000000000000010 001009           0711201600000000001601700000 02A2308201610811201600000000000000000000000000000000000000000000000000000000000000000000000000000000000000000010092050000090000000000 
0010001300064Q 011000010245857788ANDERSON JOSE DA SILVA                  RUA BUENOS AIRES,126                    CENTRO         20070022RIO DE JANEIRO RJ0000000000000000                                        000                            
0010001300065P 010595600000000400378 0000000000000000000010 001010           0710201600000000006604100000 02A2308201610810201600000000000000000000000000000000000000000000000000000000000000000000000000000000000000000010102050000090000000000 
0010001300066Q 011000043988911704ELIANA MARQUES SANTOS DA SILVA          RUA CORURIPE,360,AP 201                 MARECHAL HERMES21555490RIO DE JANEIRO RJ0000000000000000                                        000                            
0010001300067P 010595600000000400378 0000000000000000000010 001011           0711201600000000006604100000 02A2308201610811201600000000000000000000000000000000000000000000000000000000000000000000000000000000000000000010112050000090000000000 
0010001300068Q 011000043988911704ELIANA MARQUES SANTOS DA SILVA          RUA CORURIPE,360,AP 201                 MARECHAL HERMES21555490RIO DE JANEIRO RJ0000000000000000                                        000                            
0010001300069P 010595600000000400378 0000000000000000000010 001012           0710201600000000004153500000 02A2308201610810201600000000000000000000000000000000000000000000000000000000000000000000000000000000000000000010122050000090000000000 
0010001300070Q 011000076892964753REGINA DE FATIMA LUZ                    RUA CORURIPE,360,AP 201                 MARECHAL HERMES21555490RIO DE JANEIRO RJ0000000000000000                                        000                            
0010001300071P 010595600000000400378 0000000000000000000010 001013           0711201600000000004153500000 02A2308201610811201600000000000000000000000000000000000000000000000000000000000000000000000000000000000000000010132050000090000000000 
0010001300072Q 011000076892964753REGINA DE FATIMA LUZ                    RUA CORURIPE,360,AP 201                 MARECHAL HERMES21555490RIO DE JANEIRO RJ0000000000000000                                        000                            
0010001300073P 010595600000000400378 0000000000000000000010 001014           0710201600000000004153500000 02A2308201610810201600000000000000000000000000000000000000000000000000000000000000000000000000000000000000000010142050000090000000000 
0010001300074Q 011000084806168734HEITOR SANTOS ALMADA FILHO              RUA JUIZ JORGE SALOMAO,125              ENGENHO NOVO   20950360RIO DE JANEIRO RJ0000000000000000                                        000                            
0010001300075P 010595600000000400378 0000000000000000000010 001015           0711201600000000004153500000 02A2308201610811201600000000000000000000000000000000000000000000000000000000000000000000000000000000000000000010152050000090000000000 
0010001300076Q 011000084806168734HEITOR SANTOS ALMADA FILHO              RUA JUIZ JORGE SALOMAO,125              ENGENHO NOVO   20950360RIO DE JANEIRO RJ0000000000000000                                        000                            
0010001300077P 010595600000000400378 0000000000000000000010 001016           0710201600000000007373300000 02A2308201610810201600000000000000000000000000000000000000000000000000000000000000000000000000000000000000000010162050000090000000000 
0010001300078Q 011000010819922714VERA LUCIA GONCALVES DE LIMA MATTOS     RUA MARIA AMALIA,43,AP 201              TIJUCA         20510130RIO DE JANEIRO RJ0000000000000000                                        000                            
0010001300079P 010595600000000400378 0000000000000000000010 001017           0711201600000000007373300000 02A2308201610811201600000000000000000000000000000000000000000000000000000000000000000000000000000000000000000010172050000090000000000 
0010001300080Q 011000010819922714VERA LUCIA GONCALVES DE LIMA MATTOS     RUA MARIA AMALIA,43,AP 201              TIJUCA         20510130RIO DE JANEIRO RJ0000000000000000                                        000                            
0010001300081P 010595600000000400378 0000000000000000000010 001018           0710201600000000006604100000 02A2308201610810201600000000000000000000000000000000000000000000000000000000000000000000000000000000000000000010182050000090000000000 
0010001300082Q 011000043880533768SILVIO JORGE NASCIMENTO DE OLIVEIRA     RUA ROBERTO DIAS LOPES,100,AP 910       LEME           22010110RIO DE JANEIRO RJ0000000000000000                                        000                            
0010001300083P 010595600000000400378 0000000000000000000010 001019           0711201600000000006604100000 02A2308201610811201600000000000000000000000000000000000000000000000000000000000000000000000000000000000000000010192050000090000000000 
0010001300084Q 011000043880533768SILVIO JORGE NASCIMENTO DE OLIVEIRA     RUA ROBERTO DIAS LOPES,100,AP 910       LEME           22010110RIO DE JANEIRO RJ0000000000000000                                        000                            
0010001300085P 010595600000000400378 0000000000000000000010 001020           0710201600000000001417400000 02A2308201610810201600000000000000000000000000000000000000000000000000000000000000000000000000000000000000000010202050000090000000000 
0010001300086Q 011000009638639750SAMIA RAFAELA OLIVEIRA DA SILVA         RUA BUENOS AIRES,126                    CENTRO         20070022RIO DE JANEIRO RJ0000000000000000                                        000                            
0010001300087P 010595600000000400378 0000000000000000000010 001021           0711201600000000001417400000 02A2308201610811201600000000000000000000000000000000000000000000000000000000000000000000000000000000000000000010212050000090000000000 
0010001300088Q 011000009638639750SAMIA RAFAELA OLIVEIRA DA SILVA         RUA BUENOS AIRES,126                    CENTRO         20070022RIO DE JANEIRO RJ0000000000000000                                        000                            
0010001300089P 010595600000000400378 0000000000000000000010 001022           0710201600000000001104600000 02A2308201610810201600000000000000000000000000000000000000000000000000000000000000000000000000000000000000000010222050000090000000000 
0010001300090Q 011000015402978700GIOVANNA BAHIA DA SILVA                 RUA UANAPU,100                          OLARIA         21071320RIO DE JANEIRO RJ0000000000000000                                        000                            
0010001300091P 010595600000000400378 0000000000000000000010 001023           0711201600000000001104600000 02A2308201610811201600000000000000000000000000000000000000000000000000000000000000000000000000000000000000000010232050000090000000000 
0010001300092Q 011000015402978700GIOVANNA BAHIA DA SILVA                 RUA UANAPU,100                          OLARIA         21071320RIO DE JANEIRO RJ0000000000000000                                        000                            
0010001300093P 010595600000000400378 0000000000000000000010 001024           0710201600000000001841800000 02A2308201610810201600000000000000000000000000000000000000000000000000000000000000000000000000000000000000000010242050000090000000000 
0010001300094Q 011000005399186799ANDREZA RODRIGUES                       ESTRADA DO ENGENHO NOVO,99,B CASA 02    REALENGO       21730320RIO DE JANEIRO RJ0000000000000000                                        000                            
0010001300095P 010595600000000400378 0000000000000000000010 001025           0711201600000000001841800000 02A2308201610811201600000000000000000000000000000000000000000000000000000000000000000000000000000000000000000010252050000090000000000 
0010001300096Q 011000005399186799ANDREZA RODRIGUES                       ESTRADA DO ENGENHO NOVO,99,B CASA 02    REALENGO       21730320RIO DE JANEIRO RJ0000000000000000                                        000                            
0010001300097P 010595600000000400378 0000000000000000000010 001026           0710201600000000006135600000 02A2308201610810201600000000000000000000000000000000000000000000000000000000000000000000000000000000000000000010262050000090000000000 
0010001300098Q 011000053590252715JOSE MARTINS MELO                       ESTRADA DO PORTO VEL,545,BLOCO 09 AP 104CORDOVIL       21012140RIO DE JANEIRO RJ0000000000000000                                        000                            
0010001300099P 010595600000000400378 0000000000000000000010 001027           0711201600000000006135600000 02A2308201610811201600000000000000000000000000000000000000000000000000000000000000000000000000000000000000000010272050000090000000000 
0010001300100Q 011000053590252715JOSE MARTINS MELO                       ESTRADA DO PORTO VEL,545,BLOCO 09 AP 104CORDOVIL       21012140RIO DE JANEIRO RJ0000000000000000                                        000                            
0010001300101P 010595600000000400378 0000000000000000000010 001028           0710201600000000002705700000 02A2308201610810201600000000000000000000000000000000000000000000000000000000000000000000000000000000000000000010282050000090000000000 
0010001300102Q 011000000222641592CLOVIS PEREIRA DA SILVA                 RUA ITAPIRU,1470,AP 203                 RIO COMPRIDO   20251030RIO DE JANEIRO RJ0000000000000000                                        000                            
0010001300103P 010595600000000400378 0000000000000000000010 001029           0711201600000000002705700000 02A2308201610811201600000000000000000000000000000000000000000000000000000000000000000000000000000000000000000010292050000090000000000 
0010001300104Q 011000000222641592CLOVIS PEREIRA DA SILVA                 RUA ITAPIRU,1470,AP 203                 RIO COMPRIDO   20251030RIO DE JANEIRO RJ0000000000000000                                        000                            
0010001300105P 010595600000000400378 0000000000000000000010 001030           0710201600000000006135600000 02A2308201610810201600000000000000000000000000000000000000000000000000000000000000000000000000000000000000000010302050000090000000000 
0010001300106Q 011000070221197753MARLI MARQUES PEREIRA                   AVENIDA NOSSA SENHORA DE COPA,876,AP 702COPACABANA     22060002RIO DE JANEIRO RJ0000000000000000                                        000                            
0010001300107P 010595600000000400378 0000000000000000000010 001031           0711201600000000006135600000 02A2308201610811201600000000000000000000000000000000000000000000000000000000000000000000000000000000000000000010312050000090000000000 
0010001300108Q 011000070221197753MARLI MARQUES PEREIRA                   AVENIDA NOSSA SENHORA DE COPA,876,AP 702COPACABANA     22060002RIO DE JANEIRO RJ0000000000000000                                        000                            
0010001300109P 010595600000000400378 0000000000000000000010 001032           0710201600000000001649800000 02A2308201610810201600000000000000000000000000000000000000000000000000000000000000000000000000000000000000000010322050000090000000000 
0010001300110Q 011000002602701726LEONARDO CARVALHO SALES                 RUA CORURIPE,360,AP 201                 MARECHAL HERMES21555490RIO DE JANEIRO RJ0000000000000000                                        000                            
0010001300111P 010595600000000400378 0000000000000000000010 001033           0711201600000000001649800000 02A2308201610811201600000000000000000000000000000000000000000000000000000000000000000000000000000000000000000010332050000090000000000 
0010001300112Q 011000002602701726LEONARDO CARVALHO SALES                 RUA CORURIPE,360,AP 201                 MARECHAL HERMES21555490RIO DE JANEIRO RJ0000000000000000                                        000                            
0010001300113P 010595600000000400378 0000000000000000000010 001034           0710201600000000002436900000 02A2308201610810201600000000000000000000000000000000000000000000000000000000000000000000000000000000000000000010342050000090000000000 
0010001300114Q 011000005319598726LUIS PAULO BARBOSA DE PAULA             RUA CONEGO TOBIAS,220                   MEIER          20725010RIO DE JANEIRO RJ0000000000000000                                        000                            
0010001300115P 010595600000000400378 0000000000000000000010 001035           0711201600000000002436900000 02A2308201610811201600000000000000000000000000000000000000000000000000000000000000000000000000000000000000000010352050000090000000000 
0010001300116Q 011000005319598726LUIS PAULO BARBOSA DE PAULA             RUA CONEGO TOBIAS,220                   MEIER          20725010RIO DE JANEIRO RJ0000000000000000                                        000                            
0010001300117P 010595600000000400378 0000000000000000000010 001036           0710201600000000006604100000 02A2308201610810201600000000000000000000000000000000000000000000000000000000000000000000000000000000000000000010362050000090000000000 
0010001300118Q 011000032537212720MARIA TEREZA DA COSTA                   RUA DOUTOR SA EARP,645,B                MORIN          25625073PETROPOLIS     RJ0000000000000000                                        000                            
0010001300119P 010595600000000400378 0000000000000000000010 001037           0711201600000000006604100000 02A2308201610811201600000000000000000000000000000000000000000000000000000000000000000000000000000000000000000010372050000090000000000 
0010001300120Q 011000032537212720MARIA TEREZA DA COSTA                   RUA DOUTOR SA EARP,645,B                MORIN          25625073PETROPOLIS     RJ0000000000000000                                        000                            
0010001300121P 010595600000000400378 0000000000000000000010 001038           0710201600000000006604100000 02A2308201610810201600000000000000000000000000000000000000000000000000000000000000000000000000000000000000000010382050000090000000000 
0010001300122Q 011000038909634715ATANIZIA CARDOSO BISPO                  RUA DO RESENDE,113,CASA 40 AP 201       CENTRO         20231091RIO DE JANEIRO RJ0000000000000000                                        000                            
0010001300123P 010595600000000400378 0000000000000000000010 001039           0711201600000000006604100000 02A2308201610811201600000000000000000000000000000000000000000000000000000000000000000000000000000000000000000010392050000090000000000 
0010001300124Q 011000038909634715ATANIZIA CARDOSO BISPO                  RUA DO RESENDE,113,CASA 40 AP 201       CENTRO         20231091RIO DE JANEIRO RJ0000000000000000                                        000                            
0010001300125P 010595600000000400378 0000000000000000000010 001040           0710201600000000007593800000 02A2308201610810201600000000000000000000000000000000000000000000000000000000000000000000000000000000000000000010402050000090000000000 
0010001300126Q 011000043226540700CECILIA DA CONCEICAO ALVES DA SILVA     RUA VILELA TAVARES,181,AP 504           MEIER          20725220RIO DE JANEIRO RJ0000000000000000                                        000                            
0010001300127P 010595600000000400378 0000000000000000000010 001041           0711201600000000007593800000 02A2308201610811201600000000000000000000000000000000000000000000000000000000000000000000000000000000000000000010412050000090000000000 
0010001300128Q 011000043226540700CECILIA DA CONCEICAO ALVES DA SILVA     RUA VILELA TAVARES,181,AP 504           MEIER          20725220RIO DE JANEIRO RJ0000000000000000                                        000                            
0010001300129P 010595600000000400378 0000000000000000000010 001042           0710201600000000002540400000 02A2308201610810201600000000000000000000000000000000000000000000000000000000000000000000000000000000000000000010422050000090000000000 
0010001300130Q 011000015955447717ANNA KLARA DE SAMPAIO TEIXEIRA CRUZ     RUA PIRAQUARA,879,BLOCO 01 AP 105       REALENGO       21755270RIO DE JANEIRO RJ0000000000000000                                        000                            
0010001300131P 010595600000000400378 0000000000000000000010 001043           0711201600000000002540400000 02A2308201610811201600000000000000000000000000000000000000000000000000000000000000000000000000000000000000000010432050000090000000000 
0010001300132Q 011000015955447717ANNA KLARA DE SAMPAIO TEIXEIRA CRUZ     RUA PIRAQUARA,879,BLOCO 01 AP 105       REALENGO       21755270RIO DE JANEIRO RJ0000000000000000                                        000                            
0010001300133P 010595600000000400378 0000000000000000000010 001044           0710201600000000001841800000 02A2308201610810201600000000000000000000000000000000000000000000000000000000000000000000000000000000000000000010442050000090000000000 
0010001300134Q 011000007823708701MARCIO FIGUEIREDO DA SILVA              RUA MARTINS PENA,69,BLOCO 01 AP 302     TIJUCA         20270270RIO DE JANEIRO RJ0000000000000000                                        000                            
0010001300135P 010595600000000400378 0000000000000000000010 001045           0711201600000000001841800000 02A2308201610811201600000000000000000000000000000000000000000000000000000000000000000000000000000000000000000010452050000090000000000 
0010001300136Q 011000007823708701MARCIO FIGUEIREDO DA SILVA              RUA MARTINS PENA,69,BLOCO 01 AP 302     TIJUCA         20270270RIO DE JANEIRO RJ0000000000000000                                        000                            
0010001300137P 010595600000000400378 0000000000000000000010 001046           0710201600000000002209200000 02A2308201610810201600000000000000000000000000000000000000000000000000000000000000000000000000000000000000000010462050000090000000000 
0010001300138Q 011000015013938716CAROLINA SANTOS MENDES                  PRACA MALVINO REIS,38,B SOBRADO         GRAJAU         20561040RIO DE JANEIRO RJ0000000000000000                                        000                            
0010001300139P 010595600000000400378 0000000000000000000010 001047           0711201600000000002209200000 02A2308201610811201600000000000000000000000000000000000000000000000000000000000000000000000000000000000000000010472050000090000000000 
0010001300140Q 011000015013938716CAROLINA SANTOS MENDES                  PRACA MALVINO REIS,38,B SOBRADO         GRAJAU         20561040RIO DE JANEIRO RJ0000000000000000                                        000                            
0010001300141P 010595600000000400378 0000000000000000000010 001048           0710201600000000002209200000 02A2308201610810201600000000000000000000000000000000000000000000000000000000000000000000000000000000000000000010482050000090000000000 
0010001300142Q 011000017873756769MARIA BEATRIZ SANTORO BRANCO            RUA HOMEM - DE 551/552 AO FI,1188,AP 201VILA ISABEL?   20551075RIO DE JANEIRO RJ0000000000000000                                        000                            
0010001300143P 010595600000000400378 0000000000000000000010 001049           0711201600000000002209200000 02A2308201610811201600000000000000000000000000000000000000000000000000000000000000000000000000000000000000000010492050000090000000000 
0010001300144Q 011000017873756769MARIA BEATRIZ SANTORO BRANCO            RUA HOMEM - DE 551/552 AO FI,1188,AP 201VILA ISABEL?   20551075RIO DE JANEIRO RJ0000000000000000                                        000                            
0010001300145P 010595600000000400378 0000000000000000000010 001050           0710201600000000001104600000 02A2308201610810201600000000000000000000000000000000000000000000000000000000000000000000000000000000000000000010502050000090000000000 
0010001300146Q 011000015398444719NIKOLE SOUZA SILVA                      RUA UANAPU,65,CASA                      OLARIA         21071320RIO DE JANEIRO RJ0000000000000000                                        000                            
0010001300147P 010595600000000400378 0000000000000000000010 001051           0711201600000000001104600000 02A2308201610811201600000000000000000000000000000000000000000000000000000000000000000000000000000000000000000010512050000090000000000 
0010001300148Q 011000015398444719NIKOLE SOUZA SILVA                      RUA UANAPU,65,CASA                      OLARIA         21071320RIO DE JANEIRO RJ0000000000000000                                        000                            
0010001300149P 010595600000000400378 0000000000000000000010 001052           0710201600000000001104600000 02A2308201610810201600000000000000000000000000000000000000000000000000000000000000000000000000000000000000000010522050000090000000000 
0010001300150Q 011000019303896718LUIS FELIPE PORTO DA SILVA              ESTRADA SAO PEDRO DE ALCANTA,513,CASA 04DEODORO        21615310RIO DE JANEIRO RJ0000000000000000                                        000                            
0010001300151P 010595600000000400378 0000000000000000000010 001053           0711201600000000001104600000 02A2308201610811201600000000000000000000000000000000000000000000000000000000000000000000000000000000000000000010532050000090000000000 
0010001300152Q 011000019303896718LUIS FELIPE PORTO DA SILVA              ESTRADA SAO PEDRO DE ALCANTA,513,CASA 04DEODORO        21615310RIO DE JANEIRO RJ0000000000000000                                        000                            
0010001300153P 010595600000000400378 0000000000000000000010 001054           0710201600000000004153500000 02A2308201610810201600000000000000000000000000000000000000000000000000000000000000000000000000000000000000000010542050000090000000000 
0010001300154Q 011000075721627700SANDRA REGINA FAILLACE                  RUA MARECHAL BITTENCOUR,S/N,120 A CASA 5RIACHUELO      20950200RIO DE JANEIRO RJ0000000000000000                                        000                            
0010001300155P 010595600000000400378 0000000000000000000010 001055           0711201600000000004153500000 02A2308201610811201600000000000000000000000000000000000000000000000000000000000000000000000000000000000000000010552050000090000000000 
0010001300156Q 011000075721627700SANDRA REGINA FAILLACE                  RUA MARECHAL BITTENCOUR,S/N,120 A CASA 5RIACHUELO      20950200RIO DE JANEIRO RJ0000000000000000                                        000                            
0010001300157P 010595600000000400378 0000000000000000000010 001056           0709201600000000002073000000 02A2308201610809201600000000000000000000000000000000000000000000000000000000000000000000000000000000000000000010562050000090000000000 
0010001300158Q 011000000840032277LUCAS COELHO DA SILVA                   ESTRADA JOSE RUCAS,150,AP 303           PENHA          21070370RIO DE JANEIRO RJ0000000000000000                                        000                            
0010001300159P 010595600000000400378 0000000000000000000010 001057           0710201600000000002073000000 02A2308201610810201600000000000000000000000000000000000000000000000000000000000000000000000000000000000000000010572050000090000000000 
0010001300160Q 011000000840032277LUCAS COELHO DA SILVA                   ESTRADA JOSE RUCAS,150,AP 303           PENHA          21070370RIO DE JANEIRO RJ0000000000000000                                        000                            
0010001300161P 010595600000000400378 0000000000000000000010 001058           0711201600000000002073000000 02A2308201610811201600000000000000000000000000000000000000000000000000000000000000000000000000000000000000000010582050000090000000000 
0010001300162Q 011000000840032277LUCAS COELHO DA SILVA                   ESTRADA JOSE RUCAS,150,AP 303           PENHA          21070370RIO DE JANEIRO RJ0000000000000000                                        000                            
0010001300163P 010595600000000400378 0000000000000000000010 001059           0709201600000000006604100000 02A2308201610809201600000000000000000000000000000000000000000000000000000000000000000000000000000000000000000010592050000090000000000 
0010001300164Q 011000069618267768REGINA CELIA NAZARENO DA SILVA          RUA COSMORAMA,697,BLOCO 13 AP 306       COSMORAMA      26582020MESQUITA       RJ0000000000000000                                        000                            
0010001300165P 010595600000000400378 0000000000000000000010 001060           0710201600000000006604100000 02A2308201610810201600000000000000000000000000000000000000000000000000000000000000000000000000000000000000000010602050000090000000000 
0010001300166Q 011000069618267768REGINA CELIA NAZARENO DA SILVA          RUA COSMORAMA,697,BLOCO 13 AP 306       COSMORAMA      26582020MESQUITA       RJ0000000000000000                                        000                            
0010001300167P 010595600000000400378 0000000000000000000010 001061           0711201600000000006604100000 02A2308201610811201600000000000000000000000000000000000000000000000000000000000000000000000000000000000000000010612050000090000000000 
0010001300168Q 011000069618267768REGINA CELIA NAZARENO DA SILVA          RUA COSMORAMA,697,BLOCO 13 AP 306       COSMORAMA      26582020MESQUITA       RJ0000000000000000                                        000                            
0010001300169P 010595600000000400378 0000000000000000000010 001062           0709201600000000003111100000 02A2308201610809201600000000000000000000000000000000000000000000000000000000000000000000000000000000000000000010622050000090000000000 
0010001300170Q 011000003419005750ALESSANDRA BAPTISTA BONAVITA            RUA AGRARIO MENEZES,720,CASA 1          VICENTE DE CARV21371180RIO DE JANEIRO RJ0000000000000000                                        000                            
0010001300171P 010595600000000400378 0000000000000000000010 001063           0710201600000000003111100000 02A2308201610810201600000000000000000000000000000000000000000000000000000000000000000000000000000000000000000010632050000090000000000 
0010001300172Q 011000003419005750ALESSANDRA BAPTISTA BONAVITA            RUA AGRARIO MENEZES,720,CASA 1          VICENTE DE CARV21371180RIO DE JANEIRO RJ0000000000000000                                        000                            
0010001300173P 010595600000000400378 0000000000000000000010 001064           0711201600000000003111100000 02A2308201610811201600000000000000000000000000000000000000000000000000000000000000000000000000000000000000000010642050000090000000000 
0010001300174Q 011000003419005750ALESSANDRA BAPTISTA BONAVITA            RUA AGRARIO MENEZES,720,CASA 1          VICENTE DE CARV21371180RIO DE JANEIRO RJ0000000000000000                                        000                            
0010001300175P 010595600000000400378 0000000000000000000010 001065           0709201600000000001270200000 02A2308201610809201600000000000000000000000000000000000000000000000000000000000000000000000000000000000000000010652050000090000000000 
0010001300176Q 011000018903419758LETICIA MESSERSCHMIDT DA COSTA          RUA MANOEL FALCAO A MARAN,74,GR 1 AP 304MANGUINHOS     21041615RIO DE JANEIRO RJ0000000000000000                                        000                            
0010001300177P 010595600000000400378 0000000000000000000010 001066           0710201600000000001270200000 02A2308201610810201600000000000000000000000000000000000000000000000000000000000000000000000000000000000000000010662050000090000000000 
0010001300178Q 011000018903419758LETICIA MESSERSCHMIDT DA COSTA          RUA MANOEL FALCAO A MARAN,74,GR 1 AP 304MANGUINHOS     21041615RIO DE JANEIRO RJ0000000000000000                                        000                            
0010001300179P 010595600000000400378 0000000000000000000010 001067           0711201600000000001270200000 02A2308201610811201600000000000000000000000000000000000000000000000000000000000000000000000000000000000000000010672050000090000000000 
0010001300180Q 011000018903419758LETICIA MESSERSCHMIDT DA COSTA          RUA MANOEL FALCAO A MARAN,74,GR 1 AP 304MANGUINHOS     21041615RIO DE JANEIRO RJ0000000000000000                                        000                            
0010001300181P 010595600000000400378 0000000000000000000010 001068           0709201600000000001270200000 02A2308201610809201600000000000000000000000000000000000000000000000000000000000000000000000000000000000000000010682050000090000000000 
0010001300182Q 011000019399036707DAVI FRANCA DA SILVA                    RUA TANGARA,58                          BONSUCESSO     21050525RIO DE JANEIRO RJ0000000000000000                                        000                            
0010001300183P 010595600000000400378 0000000000000000000010 001069           0710201600000000001270200000 02A2308201610810201600000000000000000000000000000000000000000000000000000000000000000000000000000000000000000010692050000090000000000 
0010001300184Q 011000019399036707DAVI FRANCA DA SILVA                    RUA TANGARA,58                          BONSUCESSO     21050525RIO DE JANEIRO RJ0000000000000000                                        000                            
0010001300185P 010595600000000400378 0000000000000000000010 001070           0711201600000000001270200000 02A2308201610811201600000000000000000000000000000000000000000000000000000000000000000000000000000000000000000010702050000090000000000 
0010001300186Q 011000019399036707DAVI FRANCA DA SILVA                    RUA TANGARA,58                          BONSUCESSO     21050525RIO DE JANEIRO RJ0000000000000000                                        000                            
0010001300187P 010595600000000400378 0000000000000000000010 001071           0709201600000000003112000000 02A2308201610809201600000000000000000000000000000000000000000000000000000000000000000000000000000000000000000010712050000090000000000 
0010001300188Q 011000008194813786RAQUEL RODRIGUES DOS SANTOS             RUA SEBASTIAN BACH,521,CASA FUNDOS      JARDIM AMERICA 21240370RIO DE JANEIRO RJ0000000000000000                                        000                            
0010001300189P 010595600000000400378 0000000000000000000010 001072           0710201600000000003112000000 02A2308201610810201600000000000000000000000000000000000000000000000000000000000000000000000000000000000000000010722050000090000000000 
0010001300190Q 011000008194813786RAQUEL RODRIGUES DOS SANTOS             RUA SEBASTIAN BACH,521,CASA FUNDOS      JARDIM AMERICA 21240370RIO DE JANEIRO RJ0000000000000000                                        000                            
0010001300191P 010595600000000400378 0000000000000000000010 001073           0711201600000000003112000000 02A2308201610811201600000000000000000000000000000000000000000000000000000000000000000000000000000000000000000010732050000090000000000 
0010001300192Q 011000008194813786RAQUEL RODRIGUES DOS SANTOS             RUA SEBASTIAN BACH,521,CASA FUNDOS      JARDIM AMERICA 21240370RIO DE JANEIRO RJ0000000000000000                                        000                            
0010001300193P 010595600000000400378 0000000000000000000010 001074           0709201600000000001631600000 02A2308201610809201600000000000000000000000000000000000000000000000000000000000000000000000000000000000000000010742050000090000000000 
0010001300194Q 011000016746284719DANIEL MELO NASCIMENTO ARAUJO FERREIRA  RUA DONATO,872,CASA 03                  JACUTINGA      26562130MESQUITA       RJ0000000000000000                                        000                            
0010001300195P 010595600000000400378 0000000000000000000010 001075           0710201600000000001631600000 02A2308201610810201600000000000000000000000000000000000000000000000000000000000000000000000000000000000000000010752050000090000000000 
0010001300196Q 011000016746284719DANIEL MELO NASCIMENTO ARAUJO FERREIRA  RUA DONATO,872,CASA 03                  JACUTINGA      26562130MESQUITA       RJ0000000000000000                                        000                            
0010001300197P 010595600000000400378 0000000000000000000010 001076           0711201600000000001631600000 02A2308201610811201600000000000000000000000000000000000000000000000000000000000000000000000000000000000000000010762050000090000000000 
0010001300198Q 011000016746284719DANIEL MELO NASCIMENTO ARAUJO FERREIRA  RUA DONATO,872,CASA 03                  JACUTINGA      26562130MESQUITA       RJ0000000000000000                                        000                            
0010001300199P 010595600000000400378 0000000000000000000010 001077           0709201600000000006604100000 02A2308201610809201600000000000000000000000000000000000000000000000000000000000000000000000000000000000000000010772050000090000000000 
0010001300200Q 011000010887253768CEZAR FREITAS DE BARROS                 RUA ANA TELES,536,AP 204                CAMPINHO       21341460RIO DE JANEIRO RJ0000000000000000                                        000                            
0010001300201P 010595600000000400378 0000000000000000000010 001078           0710201600000000006604100000 02A2308201610810201600000000000000000000000000000000000000000000000000000000000000000000000000000000000000000010782050000090000000000 
0010001300202Q 011000010887253768CEZAR FREITAS DE BARROS                 RUA ANA TELES,536,AP 204                CAMPINHO       21341460RIO DE JANEIRO RJ0000000000000000                                        000                            
0010001300203P 010595600000000400378 0000000000000000000010 001079           0711201600000000006604100000 02A2308201610811201600000000000000000000000000000000000000000000000000000000000000000000000000000000000000000010792050000090000000000 
0010001300204Q 011000010887253768CEZAR FREITAS DE BARROS                 RUA ANA TELES,536,AP 204                CAMPINHO       21341460RIO DE JANEIRO RJ0000000000000000                                        000                            
0010001300205P 010595600000000400378 0000000000000000000010 001080           0709201600000000003725300000 02A2308201610809201600000000000000000000000000000000000000000000000000000000000000000000000000000000000000000010802050000090000000000 
0010001300206Q 011000078555027268SUZANA RAMOS ALVES                      RUA ALBANO,328,AP 201 LOTE 6 QUADRA C   PRACA SECA     22733010RIO DE JANEIRO RJ0000000000000000                                        000                            
0010001300207P 010595600000000400378 0000000000000000000010 001081           0710201600000000003725300000 02A2308201610810201600000000000000000000000000000000000000000000000000000000000000000000000000000000000000000010812050000090000000000 
0010001300208Q 011000078555027268SUZANA RAMOS ALVES                      RUA ALBANO,328,AP 201 LOTE 6 QUADRA C   PRACA SECA     22733010RIO DE JANEIRO RJ0000000000000000                                        000                            
0010001300209P 010595600000000400378 0000000000000000000010 001082           0711201600000000003725300000 02A2308201610811201600000000000000000000000000000000000000000000000000000000000000000000000000000000000000000010822050000090000000000 
0010001300210Q 011000078555027268SUZANA RAMOS ALVES                      RUA ALBANO,328,AP 201 LOTE 6 QUADRA C   PRACA SECA     22733010RIO DE JANEIRO RJ0000000000000000                                        000                            
0010001300211P 010595600000000400378 0000000000000000000010 001083           0709201600000000002508000000 02A2308201610809201600000000000000000000000000000000000000000000000000000000000000000000000000000000000000000010832050000090000000000 
0010001300212Q 011000005903325700VIVIANE DE OLIVEIRA PEDRO               RUA TEIXEIRA DA COSTA,179               VAZ LOBO       21361160RIO DE JANEIRO RJ0000000000000000                                        000                            
0010001300213P 010595600000000400378 0000000000000000000010 001084           0710201600000000002508000000 02A2308201610810201600000000000000000000000000000000000000000000000000000000000000000000000000000000000000000010842050000090000000000 
0010001300214Q 011000005903325700VIVIANE DE OLIVEIRA PEDRO               RUA TEIXEIRA DA COSTA,179               VAZ LOBO       21361160RIO DE JANEIRO RJ0000000000000000                                        000                            
0010001300215P 010595600000000400378 0000000000000000000010 001085           0711201600000000002508000000 02A2308201610811201600000000000000000000000000000000000000000000000000000000000000000000000000000000000000000010852050000090000000000 
0010001300216Q 011000005903325700VIVIANE DE OLIVEIRA PEDRO               RUA TEIXEIRA DA COSTA,179               VAZ LOBO       21361160RIO DE JANEIRO RJ0000000000000000                                        000                            
0010001300217P 010595600000000400378 0000000000000000000010 001086           0709201600000000006604100000 02A2308201610809201600000000000000000000000000000000000000000000000000000000000000000000000000000000000000000010862050000090000000000 
0010001300218Q 011000049890034700NORMA HELENA GUERRERO DE ALMEIDA        RUA DIAS FERREIRA,410,AP 201            LEBLON         22431050RIO DE JANEIRO RJ0000000000000000                                        000                            
0010001300219P 010595600000000400378 0000000000000000000010 001087           0710201600000000006604100000 02A2308201610810201600000000000000000000000000000000000000000000000000000000000000000000000000000000000000000010872050000090000000000 
0010001300220Q 011000049890034700NORMA HELENA GUERRERO DE ALMEIDA        RUA DIAS FERREIRA,410,AP 201            LEBLON         22431050RIO DE JANEIRO RJ0000000000000000                                        000                            
0010001300221P 010595600000000400378 0000000000000000000010 001088           0711201600000000006604100000 02A2308201610811201600000000000000000000000000000000000000000000000000000000000000000000000000000000000000000010882050000090000000000 
0010001300222Q 011000049890034700NORMA HELENA GUERRERO DE ALMEIDA        RUA DIAS FERREIRA,410,AP 201            LEBLON         22431050RIO DE JANEIRO RJ0000000000000000                                        000                            
0010001300223P 010595600000000400378 0000000000000000000010 001089           0709201600000000007593800000 02A2308201610809201600000000000000000000000000000000000000000000000000000000000000000000000000000000000000000010892050000090000000000 
0010001300224Q 011000088864537791MARTA FRANCISCO CAVALCANTI              AVENIDA ERNANI DO AMARAL PEI,36,SALA 410CENTRO         24020076NITEROI        RJ0000000000000000                                        000                            
0010001300225P 010595600000000400378 0000000000000000000010 001090           0710201600000000007593800000 02A2308201610810201600000000000000000000000000000000000000000000000000000000000000000000000000000000000000000010902050000090000000000 
0010001300226Q 011000088864537791MARTA FRANCISCO CAVALCANTI              AVENIDA ERNANI DO AMARAL PEI,36,SALA 410CENTRO         24020076NITEROI        RJ0000000000000000                                        000                            
0010001300227P 010595600000000400378 0000000000000000000010 001091           0711201600000000007593800000 02A2308201610811201600000000000000000000000000000000000000000000000000000000000000000000000000000000000000000010912050000090000000000 
0010001300228Q 011000088864537791MARTA FRANCISCO CAVALCANTI              AVENIDA ERNANI DO AMARAL PEI,36,SALA 410CENTRO         24020076NITEROI        RJ0000000000000000                                        000                            
0010001300229P 010595600000000400378 0000000000000000000010 001092           0709201600000000003219800000 02A2308201610809201600000000000000000000000000000000000000000000000000000000000000000000000000000000000000000010922050000090000000000 
0010001300230Q 011000096258683720EDILSON LUCAS SANTOS                    RUA SALVADOR PIRES,169,AP 104           MEIER          20775030RIO DE JANEIRO RJ0000000000000000                                        000                            
0010001300231P 010595600000000400378 0000000000000000000010 001093           0710201600000000003219800000 02A2308201610810201600000000000000000000000000000000000000000000000000000000000000000000000000000000000000000010932050000090000000000 
0010001300232Q 011000096258683720EDILSON LUCAS SANTOS                    RUA SALVADOR PIRES,169,AP 104           MEIER          20775030RIO DE JANEIRO RJ0000000000000000                                        000                            
0010001300233P 010595600000000400378 0000000000000000000010 001094           0711201600000000003219800000 02A2308201610811201600000000000000000000000000000000000000000000000000000000000000000000000000000000000000000010942050000090000000000 
0010001300234Q 011000096258683720EDILSON LUCAS SANTOS                    RUA SALVADOR PIRES,169,AP 104           MEIER          20775030RIO DE JANEIRO RJ0000000000000000                                        000                            
0010001300235P 010595600000000400378 0000000000000000000010 001095           0709201600000000003219800000 02A2308201610809201600000000000000000000000000000000000000000000000000000000000000000000000000000000000000000010952050000090000000000 
0010001300236Q 011000079008216787VANIA MARIA SANTOS SENA                 RUA PACHECO DA ROCHA,300,CASA 02        BENTO RIBEIRO  21550527RIO DE JANEIRO RJ0000000000000000                                        000                            
0010001300237P 010595600000000400378 0000000000000000000010 001096           0710201600000000003219800000 02A2308201610810201600000000000000000000000000000000000000000000000000000000000000000000000000000000000000000010962050000090000000000 
0010001300238Q 011000079008216787VANIA MARIA SANTOS SENA                 RUA PACHECO DA ROCHA,300,CASA 02        BENTO RIBEIRO  21550527RIO DE JANEIRO RJ0000000000000000                                        000                            
0010001300239P 010595600000000400378 0000000000000000000010 001097           0711201600000000003219800000 02A2308201610811201600000000000000000000000000000000000000000000000000000000000000000000000000000000000000000010972050000090000000000 
0010001300240Q 011000079008216787VANIA MARIA SANTOS SENA                 RUA PACHECO DA ROCHA,300,CASA 02        BENTO RIBEIRO  21550527RIO DE JANEIRO RJ0000000000000000                                        000                            
0010001300241P 010595600000000400378 0000000000000000000010 001098           0709201600000000001417400000 02A2308201610809201600000000000000000000000000000000000000000000000000000000000000000000000000000000000000000010982050000090000000000 
0010001300242Q 011000012661234748CARLA DA SILVA VICENTE                  RUA CONEGO BOUCHER PINTO,58             HONORIO GURGEL 21511290RIO DE JANEIRO RJ0000000000000000                                        000                            
0010001300243P 010595600000000400378 0000000000000000000010 001099           0710201600000000001417400000 02A2308201610810201600000000000000000000000000000000000000000000000000000000000000000000000000000000000000000010992050000090000000000 
0010001300244Q 011000012661234748CARLA DA SILVA VICENTE                  RUA CONEGO BOUCHER PINTO,58             HONORIO GURGEL 21511290RIO DE JANEIRO RJ0000000000000000                                        000                            
0010001300245P 010595600000000400378 0000000000000000000010 001100           0711201600000000001417400000 02A2308201610811201600000000000000000000000000000000000000000000000000000000000000000000000000000000000000000011002050000090000000000 
0010001300246Q 011000012661234748CARLA DA SILVA VICENTE                  RUA CONEGO BOUCHER PINTO,58             HONORIO GURGEL 21511290RIO DE JANEIRO RJ0000000000000000                                        000                            
0010001300247P 010595600000000400378 0000000000000000000010 001101           0709201600000000001601700000 02A2308201610809201600000000000000000000000000000000000000000000000000000000000000000000000000000000000000000011012050000090000000000 
0010001300248Q 011000008523895744FLAVIO DIAS DOS SANTOS                  RUA JOSE DO PATROCINIO,200              GRAJAU         20560160RIO DE JANEIRO RJ0000000000000000                                        000                            
0010001300249P 010595600000000400378 0000000000000000000010 001102           0710201600000000001601700000 02A2308201610810201600000000000000000000000000000000000000000000000000000000000000000000000000000000000000000011022050000090000000000 
0010001300250Q 011000008523895744FLAVIO DIAS DOS SANTOS                  RUA JOSE DO PATROCINIO,200              GRAJAU         20560160RIO DE JANEIRO RJ0000000000000000                                        000                            
0010001300251P 010595600000000400378 0000000000000000000010 001103           0711201600000000001601700000 02A2308201610811201600000000000000000000000000000000000000000000000000000000000000000000000000000000000000000011032050000090000000000 
0010001300252Q 011000008523895744FLAVIO DIAS DOS SANTOS                  RUA JOSE DO PATROCINIO,200              GRAJAU         20560160RIO DE JANEIRO RJ0000000000000000                                        000                            
0010001300253P 010595600000000400378 0000000000000000000010 001104           0709201600000000003219800000 02A2308201610809201600000000000000000000000000000000000000000000000000000000000000000000000000000000000000000011042050000090000000000 
0010001300254Q 011000081400462720MARILEIA SILVA MEDEIROS DE OLIVEIRA     ESTRADA DO RIO GRANDE,333,AP 101        TAQUARA        22720010RIO DE JANEIRO RJ0000000000000000                                        000                            
0010001300255P 010595600000000400378 0000000000000000000010 001105           0710201600000000003219800000 02A2308201610810201600000000000000000000000000000000000000000000000000000000000000000000000000000000000000000011052050000090000000000 
0010001300256Q 011000081400462720MARILEIA SILVA MEDEIROS DE OLIVEIRA     ESTRADA DO RIO GRANDE,333,AP 101        TAQUARA        22720010RIO DE JANEIRO RJ0000000000000000                                        000                            
0010001300257P 010595600000000400378 0000000000000000000010 001106           0711201600000000003219800000 02A2308201610811201600000000000000000000000000000000000000000000000000000000000000000000000000000000000000000011062050000090000000000 
0010001300258Q 011000081400462720MARILEIA SILVA MEDEIROS DE OLIVEIRA     ESTRADA DO RIO GRANDE,333,AP 101        TAQUARA        22720010RIO DE JANEIRO RJ0000000000000000                                        000                            
0010001300259P 010595600000000400378 0000000000000000000010 001107           0709201600000000001270200000 02A2308201610809201600000000000000000000000000000000000000000000000000000000000000000000000000000000000000000011072050000090000000000 
0010001300260Q 011000015707114700ALICE MATTOS DE OLIVEIRA                TRAVESSA LORETO,51,CASA                 OLARIA         21071360RIO DE JANEIRO RJ0000000000000000                                        000                            
0010001300261P 010595600000000400378 0000000000000000000010 001108           0710201600000000001270200000 02A2308201610810201600000000000000000000000000000000000000000000000000000000000000000000000000000000000000000011082050000090000000000 
0010001300262Q 011000015707114700ALICE MATTOS DE OLIVEIRA                TRAVESSA LORETO,51,CASA                 OLARIA         21071360RIO DE JANEIRO RJ0000000000000000                                        000                            
0010001300263P 010595600000000400378 0000000000000000000010 001109           0711201600000000001270200000 02A2308201610811201600000000000000000000000000000000000000000000000000000000000000000000000000000000000000000011092050000090000000000 
0010001300264Q 011000015707114700ALICE MATTOS DE OLIVEIRA                TRAVESSA LORETO,51,CASA                 OLARIA         21071360RIO DE JANEIRO RJ0000000000000000                                        000                            
0010001300265P 010595600000000400378 0000000000000000000010 001110           0709201600000000006604100000 02A2308201610809201600000000000000000000000000000000000000000000000000000000000000000000000000000000000000000011102050000090000000000 
0010001300266Q 011000067769381720LIZETE LOPES DE SOUSA BIANCO            ESTRADA VER,665,QUADRA L LOTE 14 CASA 01VARGEM GRANDE  22785620RIO DE JANEIRO RJ0000000000000000                                        000                            
0010001300267P 010595600000000400378 0000000000000000000010 001111           0710201600000000006604100000 02A2308201610810201600000000000000000000000000000000000000000000000000000000000000000000000000000000000000000011112050000090000000000 
0010001300268Q 011000067769381720LIZETE LOPES DE SOUSA BIANCO            ESTRADA VER,665,QUADRA L LOTE 14 CASA 01VARGEM GRANDE  22785620RIO DE JANEIRO RJ0000000000000000                                        000                            
0010001300269P 010595600000000400378 0000000000000000000010 001112           0711201600000000006604100000 02A2308201610811201600000000000000000000000000000000000000000000000000000000000000000000000000000000000000000011122050000090000000000 
0010001300270Q 011000067769381720LIZETE LOPES DE SOUSA BIANCO            ESTRADA VER,665,QUADRA L LOTE 14 CASA 01VARGEM GRANDE  22785620RIO DE JANEIRO RJ0000000000000000                                        000                            
00100015         000272                                                                                                                                                                                                                         
00199999         000001000274000000                                                                                                                                                                                                             