03300000        2049938327000106000100001201344                         UBRASP - UNIAO BRASILEIRA     Banco Santander                         129062017      000101040                                                                          
03300011R01  030 2049938327000106                    000100001201344     UBRASP - UNIAO BRASILEIRA                                                                                     0000000129062017                                         
0330001300001P 010001001301476520130147652  0000000092401511  0000000000092400107201700000000007940800000 02N290620173000000000000000000000000000000000000000000000000000000000000000000000000000000000000000000000000009240000300000           
0330001300002Q 011000088864537791MARTA FRANCISCO CAVALCANTI              AVENIDA ERNANI DO AMARAL PEI,36,SALA 410CENTRO         24020076NITEROI        RJ0000000000000000                                        000000000000                   
0330001300003P 010001001301476520130147652  0000000092411511  0000000000092410108201700000000007940800000 02N290620173000000000000000000000000000000000000000000000000000000000000000000000000000000000000000000000000009241000300000           
0330001300004Q 011000088864537791MARTA FRANCISCO CAVALCANTI              AVENIDA ERNANI DO AMARAL PEI,36,SALA 410CENTRO         24020076NITEROI        RJ0000000000000000                                        000000000000                   
0330001300005P 010001001301476520130147652  0000000092428511  0000000000092420109201700000000007940800000 02N290620173000000000000000000000000000000000000000000000000000000000000000000000000000000000000000000000000009242000300000           
0330001300006Q 011000088864537791MARTA FRANCISCO CAVALCANTI              AVENIDA ERNANI DO AMARAL PEI,36,SALA 410CENTRO         24020076NITEROI        RJ0000000000000000                                        000000000000                   
0330001300007P 010001001301476520130147652  0000000092436511  0000000000092430110201700000000007940800000 02N290620173000000000000000000000000000000000000000000000000000000000000000000000000000000000000000000000000009243000300000           
0330001300008Q 011000088864537791MARTA FRANCISCO CAVALCANTI              AVENIDA ERNANI DO AMARAL PEI,36,SALA 410CENTRO         24020076NITEROI        RJ0000000000000000                                        000000000000                   
0330001300009P 010001001301476520130147652  0000000092444511  0000000000092440111201700000000007940800000 02N290620173000000000000000000000000000000000000000000000000000000000000000000000000000000000000000000000000009244000300000           
0330001300010Q 011000088864537791MARTA FRANCISCO CAVALCANTI              AVENIDA ERNANI DO AMARAL PEI,36,SALA 410CENTRO         24020076NITEROI        RJ0000000000000000                                        000000000000                   
0330001300011P 010001001301476520130147652  0000000092452511  0000000000092450112201700000000007940800000 02N290620173000000000000000000000000000000000000000000000000000000000000000000000000000000000000000000000000009245000300000           
0330001300012Q 011000088864537791MARTA FRANCISCO CAVALCANTI              AVENIDA ERNANI DO AMARAL PEI,36,SALA 410CENTRO         24020076NITEROI        RJ0000000000000000                                        000000000000                   
0330001300013P 010001001301476520130147652  0000000092461511  0000000000092460107201700000000001588200000 02N290620173000000000000000000000000000000000000000000000000000000000000000000000000000000000000000000000000009246000300000           
0330001300014Q 011000013195486792ARMANDO CIBILO MENEZES                  RUA PAULA BRITO,71,AP 403               ANDARAI        20541190RIO DE JANEIRO RJ0000000000000000                                        000000000000                   
0330001300015P 010001001301476520130147652  0000000092479511  0000000000092470108201700000000001588200000 02N290620173000000000000000000000000000000000000000000000000000000000000000000000000000000000000000000000000009247000300000           
0330001300016Q 011000013195486792ARMANDO CIBILO MENEZES                  RUA PAULA BRITO,71,AP 403               ANDARAI        20541190RIO DE JANEIRO RJ0000000000000000                                        000000000000                   
0330001300017P 010001001301476520130147652  0000000092487511  0000000000092480109201700000000001588200000 02N290620173000000000000000000000000000000000000000000000000000000000000000000000000000000000000000000000000009248000300000           
0330001300018Q 011000013195486792ARMANDO CIBILO MENEZES                  RUA PAULA BRITO,71,AP 403               ANDARAI        20541190RIO DE JANEIRO RJ0000000000000000                                        000000000000                   
0330001300019P 010001001301476520130147652  0000000092495511  0000000000092490110201700000000001588200000 02N290620173000000000000000000000000000000000000000000000000000000000000000000000000000000000000000000000000009249000300000           
0330001300020Q 011000013195486792ARMANDO CIBILO MENEZES                  RUA PAULA BRITO,71,AP 403               ANDARAI        20541190RIO DE JANEIRO RJ0000000000000000                                        000000000000                   
0330001300021P 010001001301476520130147652  0000000092509511  0000000000092500111201700000000001588200000 02N290620173000000000000000000000000000000000000000000000000000000000000000000000000000000000000000000000000009250000300000           
0330001300022Q 011000013195486792ARMANDO CIBILO MENEZES                  RUA PAULA BRITO,71,AP 403               ANDARAI        20541190RIO DE JANEIRO RJ0000000000000000                                        000000000000                   
0330001300023P 010001001301476520130147652  0000000092517511  0000000000092510112201700000000001588200000 02N290620173000000000000000000000000000000000000000000000000000000000000000000000000000000000000000000000000009251000300000           
0330001300024Q 011000013195486792ARMANDO CIBILO MENEZES                  RUA PAULA BRITO,71,AP 403               ANDARAI        20541190RIO DE JANEIRO RJ0000000000000000                                        000000000000                   
0330001300025P 010001001301476520130147652  0000000092525511  0000000000092520107201700000000008778400000 02N290620173000000000000000000000000000000000000000000000000000000000000000000000000000000000000000000000000009252000300000           
0330001300026Q 011000053119525715NOEMI PEIXOTO PINTO                     RUA HOMEM DE MELO,375,AP803             TIJUCA         20510180RIO DE JANEIRO RJ0000000000000000                                        000000000000                   
0330001300027P 010001001301476520130147652  0000000092533511  0000000000092530108201700000000008778400000 02N290620173000000000000000000000000000000000000000000000000000000000000000000000000000000000000000000000000009253000300000           
0330001300028Q 011000053119525715NOEMI PEIXOTO PINTO                     RUA HOMEM DE MELO,375,AP803             TIJUCA         20510180RIO DE JANEIRO RJ0000000000000000                                        000000000000                   
0330001300029P 010001001301476520130147652  0000000092541511  0000000000092540109201700000000008778400000 02N290620173000000000000000000000000000000000000000000000000000000000000000000000000000000000000000000000000009254000300000           
0330001300030Q 011000053119525715NOEMI PEIXOTO PINTO                     RUA HOMEM DE MELO,375,AP803             TIJUCA         20510180RIO DE JANEIRO RJ0000000000000000                                        000000000000                   
0330001300031P 010001001301476520130147652  0000000092551511  0000000000092550110201700000000008778400000 02N290620173000000000000000000000000000000000000000000000000000000000000000000000000000000000000000000000000009255000300000           
0330001300032Q 011000053119525715NOEMI PEIXOTO PINTO                     RUA HOMEM DE MELO,375,AP803             TIJUCA         20510180RIO DE JANEIRO RJ0000000000000000                                        000000000000                   
0330001300033P 010001001301476520130147652  0000000092568511  0000000000092560111201700000000008778400000 02N290620173000000000000000000000000000000000000000000000000000000000000000000000000000000000000000000000000009256000300000           
0330001300034Q 011000053119525715NOEMI PEIXOTO PINTO                     RUA HOMEM DE MELO,375,AP803             TIJUCA         20510180RIO DE JANEIRO RJ0000000000000000                                        000000000000                   
0330001300035P 010001001301476520130147652  0000000092576511  0000000000092570112201700000000008778400000 02N290620173000000000000000000000000000000000000000000000000000000000000000000000000000000000000000000000000009257000300000           
0330001300036Q 011000053119525715NOEMI PEIXOTO PINTO                     RUA HOMEM DE MELO,375,AP803             TIJUCA         20510180RIO DE JANEIRO RJ0000000000000000                                        000000000000                   
0330001300037P 010001001301476520130147652  0000000092584511  0000000000092580107201700000000002146700000 02N290620173000000000000000000000000000000000000000000000000000000000000000000000000000000000000000000000000009258000300000           
0330001300038Q 011000012916070729DIOGO CHAGAS DE LIMA                    TRAVESSA MARIETA,51,CASA 03 AP 201      CATUMBI        20251360RIO DE JANEIRO RJ0000000000000000                                        000000000000                   
0330001300039P 010001001301476520130147652  0000000092592511  0000000000092590108201700000000002146700000 02N290620173000000000000000000000000000000000000000000000000000000000000000000000000000000000000000000000000009259000300000           
0330001300040Q 011000012916070729DIOGO CHAGAS DE LIMA                    TRAVESSA MARIETA,51,CASA 03 AP 201      CATUMBI        20251360RIO DE JANEIRO RJ0000000000000000                                        000000000000                   
0330001300041P 010001001301476520130147652  0000000092606511  0000000000092600109201700000000002146700000 02N290620173000000000000000000000000000000000000000000000000000000000000000000000000000000000000000000000000009260000300000           
0330001300042Q 011000012916070729DIOGO CHAGAS DE LIMA                    TRAVESSA MARIETA,51,CASA 03 AP 201      CATUMBI        20251360RIO DE JANEIRO RJ0000000000000000                                        000000000000                   
0330001300043P 010001001301476520130147652  0000000092614511  0000000000092610110201700000000002146700000 02N290620173000000000000000000000000000000000000000000000000000000000000000000000000000000000000000000000000009261000300000           
0330001300044Q 011000012916070729DIOGO CHAGAS DE LIMA                    TRAVESSA MARIETA,51,CASA 03 AP 201      CATUMBI        20251360RIO DE JANEIRO RJ0000000000000000                                        000000000000                   
0330001300045P 010001001301476520130147652  0000000092622511  0000000000092620111201700000000002146700000 02N290620173000000000000000000000000000000000000000000000000000000000000000000000000000000000000000000000000009262000300000           
0330001300046Q 011000012916070729DIOGO CHAGAS DE LIMA                    TRAVESSA MARIETA,51,CASA 03 AP 201      CATUMBI        20251360RIO DE JANEIRO RJ0000000000000000                                        000000000000                   
0330001300047P 010001001301476520130147652  0000000092631511  0000000000092630112201700000000002146700000 02N290620173000000000000000000000000000000000000000000000000000000000000000000000000000000000000000000000000009263000300000           
0330001300048Q 011000012916070729DIOGO CHAGAS DE LIMA                    TRAVESSA MARIETA,51,CASA 03 AP 201      CATUMBI        20251360RIO DE JANEIRO RJ0000000000000000                                        000000000000                   
03300015         000050                                                                                                                                                                                                                         
03399999         000001000052                                                                                                                                                                                                                   