00100000         249938327000106002887755001411019  0595600000000400378 UBRASP                        BANCO DO BRASIL S.A.                    13108201617541600000000000000                                                                     
00100011R01  000 2049938327000106002887755001411019  0595600000000400378 UBRASP                                                                                                        000000000000000000000000                                 
0010001300001P 010595600000000400378 0000000000000000000010 01150           1509201600000000002373600000 02A3108201611609201600000000000000000000000000000000000000000000000000000000000000000000000000000000000000000011502050000090000000000 
0010001300002Q 011000000393226883MARIA APARECIDA DA COSTA                AV SAO JOAO 1993                        CENTRO         01211000SAO PAULO      SP0000000000000000                                        000                            
0010001300003P 010595600000000400378 0000000000000000000010 01157           1509201600000000002902400000 02A3108201611609201600000000000000000000000000000000000000000000000000000000000000000000000000000000000000000011572050000090000000000 
0010001300004Q 011000001908851813WILSON TRINDADE ROCHA                   PCA TEIXEIRA DE FREITAS, 115 AP 03      SAO B MIRIM    09790020SAO B DO CAMPO SP0000000000000000                                        000                            
0010001300005P 010595600000000400378 0000000000000000000010 01155           1509201600000000002902400000 02A3108201611609201600000000000000000000000000000000000000000000000000000000000000000000000000000000000000000011552050000090000000000 
0010001300006Q 011000065924835804JOSE AROLDO SOARES DA SILVA             R LIBERO BADARO 39                      CENTRO         01009000SAO PAULO      SP0000000000000000                                        000                            
0010001300007P 010595600000000400378 0000000000000000000010 01156           1509201600000000001864300000 02A3108201611609201600000000000000000000000000000000000000000000000000000000000000000000000000000000000000000011562050000090000000000 
0010001300008Q 011000066059437834MIRNA ELISA BONAZZI                     RUA REBOLO 44                           EMBU           06804100SAO PAULO      SP0000000000000000                                        000                            
0010001300009P 010595600000000400378 0000000000000000000010 01158           1509201600000000004988800000 02A3108201611609201600000000000000000000000000000000000000000000000000000000000000000000000000000000000000000011582050000090000000000 
0010001300010Q 011000004306899853ANTONIO CASTROPELLI                     RUA DA ECONOMIA 362                     VL DALILA      03532050SAO PAULO      SP0000000000000000                                        000                            
0010001300011P 010595600000000400378 0000000000000000000010 01152           1509201600000000003160100000 02A3108201611609201600000000000000000000000000000000000000000000000000000000000000000000000000000000000000000011522050000090000000000 
0010001300012Q 011000015675132805LEONILDA ANNA TREPICCIONI LIPPELT       R:ESTADOS UNIDOS , 144                  PIRABITINGUE   13300000ITU            SP0000000000000000                                        000                            
0010001300013P 010595600000000400378 0000000000000000000010 01153           1509201600000000009622400000 02A3108201611609201600000000000000000000000000000000000000000000000000000000000000000000000000000000000000000011532050000090000000000 
0010001300014Q 011000019847149887SUELI PINTO FAGUNDES                    R.VINTE E CINCO DE JANEIRO 34           CAMPINHO       12500000GUARATINGUETA  SP0000000000000000                                        000                            
0010001300015P 010595600000000400378 0000000000000000000010 01154           15092016000000001.2303400000 02A3108201611609201600000000000000000000000000000000000000000000000000000000000000000000000000000000000000000011542050000090000000000 
0010001300016Q 011000065266668849MARIA TEREZA CANDIDO                    RUA MANGUARI, 329 BL B AP 31            VL MARIA       02167080SAO PAULO      SP0000000000000000                                        000                            
0010001300017P 010595600000000400378 0000000000000000000010 01151           15092016000000001.7188100000 02A3108201611609201600000000000000000000000000000000000000000000000000000000000000000000000000000000000000000011512050000090000000000 
0010001300018Q 011000000632051817JANICE TEIXEIRA A BARBOSA               AV  STA INES 1129 AP 204                PQ MANDAQUI    02415900SAO PAULO      SP0000000000000000                                        000                            
00100015         000020                                                                                                                                                                                                                         
00199999         000001000022000000                                                                                                                                                                                                             