03300000        2049938327000106000100001201344                         UBRASP - UNIAO BRASILEIRA     Banco Santander                         103052017      000082040                                                                          
03300011R01  030 2049938327000106                    000100001201344     UBRASP - UNIAO BRASILEIRA                                                                                     0000000103052017                                         
0330001300001P 010001001301476520130147652  0000000061069511  0000000000061060705201700000000006861400000 02N030520173000000000000000000000000000000000000000000000000000000000000000000000000000000000000000000000000006106000300000           
0330001300002Q 011000058648003768LUCIANA MAGNO DE CARVALHO               AVENIDA PROFESSOR MANUEL DE A,705,AP 303MARACANA       20550170RIO DE JANEIRO RJ0000000000000000                                        000000000000                   
0330001300003P 010001001301476520130147652  0000000061077511  0000000000061070705201700000000007896500000 02N030520173000000000000000000000000000000000000000000000000000000000000000000000000000000000000000000000000006107000300000           
0330001300004Q 011000066000726791ANADIA DONATO DA SILVA                  RUA JAGUAREMA,33                        ROCHA MIRANDA  21540690RIO DE JANEIRO RJ0000000000000000                                        000000000000                   
0330001300005P 010001001301476520130147652  0000000061085511  0000000000061080705201700000000002268200000 02N030520173000000000000000000000000000000000000000000000000000000000000000000000000000000000000000000000000006108000300000           
0330001300006Q 011000004825595782ADGER BAPTISTA MARTINS                  PRACA PAULO SETUBAL,95                  VILA DA PENHA  21221350RIO DE JANEIRO RJ0000000000000000                                        000000000000                   
0330001300007P 010001001301476520130147652  0000000061093511  0000000000061090705201700000000002202200000 02N030520173000000000000000000000000000000000000000000000000000000000000000000000000000000000000000000000000006109000300000           
0330001300008Q 011000009366162703DANIELLE FIGUEREDO GUERRA               RUA ALVARO CHAVES,38,AP 302             LARANJEIRAS    22231220RIO DE JANEIRO RJ0000000000000000                                        000000000000                   
0330001300009P 010001001301476520130147652  0000000061107511  0000000000061100705201700000000001915200000 02N030520173000000000000000000000000000000000000000000000000000000000000000000000000000000000000000000000000006110000300000           
0330001300010Q 011000008323141703RAFAEL PECANHA DA SILVA BARROS          ESTRADA DA MATRIZ,789,BLOCO 03 AP 403   PEDRA DE GUARAT23026000RIO DE JANEIRO RJ0000000000000000                                        000000000000                   
0330001300011P 010001001301476520130147652  0000000061115511  0000000000061110705201700000000001518800000 02N030520173000000000000000000000000000000000000000000000000000000000000000000000000000000000000000000000000006111000300000           
0330001300012Q 011000018582947704CARLOS EDUARDO MARTINS DE ALMEIDA       RUA DIVINO SALVADOR,188,AP 101 FUNDOS   PIEDADE        20756210RIO DE JANEIRO RJ0000000000000000                                        000000000000                   
03300015         000014                                                                                                                                                                                                                         
03399999         000001000016                                                                                                                                                                                                                   