03300000        2049938327000106000100001201344                         UBRASP - UNIAO BRASILEIRA     Banco Santander                         128042017      000081040                                                                          
03300011R01  030 2049938327000106                    000100001201344     UBRASP - UNIAO BRASILEIRA                                                                                     0000000128042017                                         
0330001300001P 010001001301476520130147652  0000000060577511  0000000000060570705201700000000001104600000 02N280420173000000000000000000000000000000000000000000000000000000000000000000000000000000000000000000000000006057000300000           
0330001300002Q 011000019303896718LUIS FELIPE PORTO DA SILVA              ESTRADA SAO PEDRO DE ALCANTA,513,CASA 04DEODORO        21615310RIO DE JANEIRO RJ0000000000000000                                        000000000000                   
0330001300003P 010001001301476520130147652  0000000060585511  0000000000060580705201700000000003609000000 02N280420173000000000000000000000000000000000000000000000000000000000000000000000000000000000000000000000000006058000300000           
0330001300004Q 011000072202165720MARIA APARECIDA PEREIRA COSTA           RUA MARQUES DE OLINDA,58,AP 501         BOTAFOGO       22251040RIO DE JANEIRO RJ0000000000000000                                        000000000000                   
0330001300005P 010001001301476520130147652  0000000060593511  0000000000060590705201700000000001874000000 02N280420173000000000000000000000000000000000000000000000000000000000000000000000000000000000000000000000000006059000300000           
0330001300006Q 011000001591018161FRANCISCA SOUSA NASCIMENTO              PRAIA FLAMENGO - DE 195/196 AO ,370,1601FLAMENGO?      22210065RIO DE JANEIRO RJ0000000000000000                                        000000000000                   
0330001300007P 010001001301476520130147652  0000000060607511  0000000000060600705201700000000006518300000 02N280420173000000000000000000000000000000000000000000000000000000000000000000000000000000000000000000000000006060000300000           
0330001300008Q 011000049178032768ENI CALIXTO DA CONCEICAO                RUA CRATO,51,BLOCO 05 GR 01 AP 101      PENHA CIRCULAR 21210420RIO DE JANEIRO RJ0000000000000000                                        000000000000                   
0330001300009P 010001001301476520130147652  0000000060615511  0000000000060610705201700000000001611700000 02N280420173000000000000000000000000000000000000000000000000000000000000000000000000000000000000000000000000006061000300000           
0330001300010Q 011000017300811779EDUARDO LIRA DOS REIS FEITOSA           RUA ANDARAI,670,CASA 2                  ANDARAI        20541210RIO DE JANEIRO RJ0000000000000000                                        000000000000                   
0330001300011P 010001001301476520130147652  0000000060623511  0000000000060620705201700000000002337000000 02N280420173000000000000000000000000000000000000000000000000000000000000000000000000000000000000000000000000006062000300000           
0330001300012Q 011000005699233792MARCOS VINICIUS PIMENTEL DE AGUIAR      CAMINHO DO MATEUS,100,BLOCO 01 AP 704   INHAUMA        20760530RIO DE JANEIRO RJ0000000000000000                                        000000000000                   
0330001300013P 010001001301476520130147652  0000000060631511  0000000000060630705201700000000006518300000 02N280420173000000000000000000000000000000000000000000000000000000000000000000000000000000000000000000000000006063000300000           
0330001300014Q 011000037802348749KATIA MARIA EDUARDO DE SOUZA            RUA CORONEL MOREIRA CESAR,451,AP 803    ICARAI         24230053NITEROI        RJ0000000000000000                                        000000000000                   
0330001300015P 010001001301476520130147652  0000000060641511  0000000000060640705201700000000001594100000 02N280420173000000000000000000000000000000000000000000000000000000000000000000000000000000000000000000000000006064000300000           
0330001300016Q 011000014845161761TATIANE PRALON DOS SANTOS               RUA AZURITA,00,FUNDOS LOTE 4 QUADRA 37  REALENGO       21760310RIO DE JANEIRO RJ0000000000000000                                        000000000000                   
0330001300017P 010001001301476520130147652  0000000060658511  0000000000060650705201700000000002407100000 02N280420173000000000000000000000000000000000000000000000000000000000000000000000000000000000000000000000000006065000300000           
0330001300018Q 011000005229867736VIVIANE DA SILVA MOREIRA                RUA OURO PRETO,167,CASA 04 FUNDOS       QUINTINO BOCAIU21380380RIO DE JANEIRO RJ0000000000000000                                        000000000000                   
0330001300019P 010001001301476520130147652  0000000060666511  0000000000060660705201700000000002337000000 02N280420173000000000000000000000000000000000000000000000000000000000000000000000000000000000000000000000000006066000300000           
0330001300020Q 011000009203949739ILDA GRACIETE SANTOS DA SILVA           AVENIDA MARACANA,1905,AP 417 BLOCO D    TIJUCA         20530230RIO DE JANEIRO RJ0000000000000000                                        000000000000                   
0330001300021P 010001001301476520130147652  0000000060674511  0000000000060670705201700000000007501700000 02N280420173000000000000000000000000000000000000000000000000000000000000000000000000000000000000000000000000006067000300000           
0330001300022Q 011000091842905791MARIA DA CONCEICAO DA SILVA PEREIRA     RUA BARAO DE MESQUITA - DE 46,591,AP 605ANDARAI?       20540156RIO DE JANEIRO RJ0000000000000000                                        000000000000                   
0330001300023P 010001001301476520130147652  0000000060682511  0000000000060680705201700000000001915200000 02N280420173000000000000000000000000000000000000000000000000000000000000000000000000000000000000000000000000006068000300000           
0330001300024Q 011000009742907773CINTIA LOPES DA SILVA                   RUA PROFESSOR BURLAMAQUI,71,CASA 05     VAZ LOBO       21361010RIO DE JANEIRO RJ0000000000000000                                        000000000000                   
0330001300025P 010001001301476520130147652  0000000060691511  0000000000060690705201700000000002913800000 02N280420173000000000000000000000000000000000000000000000000000000000000000000000000000000000000000000000000006069000300000           
0330001300026Q 011000034669363816CRISTIANE AUDREY PEREIRA DO CARMO       RUA MAURICIO DA COSTA FARIA,720,AP 202  RECREIO DOS BAN22790285RIO DE JANEIRO RJ0000000000000000                                        000000000000                   
0330001300027P 010001001301476520130147652  0000000060704511  0000000000060700705201700000000002155500000 02N280420173000000000000000000000000000000000000000000000000000000000000000000000000000000000000000000000000006070000300000           
0330001300028Q 011000003142751181LEIA CRISTINA DE OLIVEIRA NASCIMENTO    RUA TUCUPI,46,FRENTE                    ROCHA MIRANDA  21540580RIO DE JANEIRO RJ0000000000000000                                        000000000000                   
0330001300029P 010001001301476520130147652  0000000060712511  0000000000060710705201700000000004966300000 02N280420173000000000000000000000000000000000000000000000000000000000000000000000000000000000000000000000000006071000300000           
0330001300030Q 011000002305125771TANIA MARA PEREIRA LIMA                 RUA NITEROI,476                         PARQUE LAFAIETE25015340DUQUE DE CAXIASRJ0000000000000000                                        000000000000                   
0330001300031P 010001001301476520130147652  0000000060721511  0000000000060720705201700000000006861400000 02N280420173000000000000000000000000000000000000000000000000000000000000000000000000000000000000000000000000006072000300000           
0330001300032Q 011000034937714791LOURDES GONCALVES RIBEIRO               RUA FRANCISCO VENANC,131,AP 304 BLOCO 01PENHA CIRCULAR 21215570RIO DE JANEIRO RJ0000000000000000                                        000000000000                   
0330001300033P 010001001301476520130147652  0000000060739511  0000000000060730705201700000000001147800000 02N280420173000000000000000000000000000000000000000000000000000000000000000000000000000000000000000000000000006073000300000           
0330001300034Q 011000015712436744JULIA RIBEIRO MACHADO                   RUA FRANCISCO V,131,BLOCO 03 GR 2 AP 307PENHA CIRCULAR 21215570RIO DE JANEIRO RJ0000000000000000                                        000000000000                   
0330001300035P 010001001301476520130147652  0000000060747511  0000000000060740705201700000000002268200000 02N280420173000000000000000000000000000000000000000000000000000000000000000000000000000000000000000000000000006074000300000           
0330001300036Q 011000003528272708CLAUDIVAN MOREIRA SOARES                RUA MOURAO DO VALE,15,AP 227            SAO CRISTOVAO  20930470RIO DE JANEIRO RJ0000000000000000                                        000000000000                   
0330001300037P 010001001301476520130147652  0000000060755511  0000000000060750705201700000000001714200000 02N280420173000000000000000000000000000000000000000000000000000000000000000000000000000000000000000000000000006075000300000           
0330001300038Q 011000007348740731RAQUEL RUTMAN                           RUA CLARA - DE 1 AO FIM - LA,345,AP 1005COPACABANA?    22041011RIO DE JANEIRO RJ0000000000000000                                        000000000000                   
0330001300039P 010001001301476520130147652  0000000060763511  0000000000060760705201700000000003849900000 02N280420173000000000000000000000000000000000000000000000000000000000000000000000000000000000000000000000000006076000300000           
0330001300040Q 011000095478710725CLAUDIO DEODATO COSTA                   AVENIDA DARCI VARGAS,195,CASA           GRAMACHO       25035250DUQUE DE CAXIASRJ0000000000000000                                        000000000000                   
0330001300041P 010001001301476520130147652  0000000060771511  0000000000060770705201700000000002052800000 02N280420173000000000000000000000000000000000000000000000000000000000000000000000000000000000000000000000000006077000300000           
0330001300042Q 011000015007378798JOAO VICTOR ENGELKE ALBUQUERQUE         RUA BARAO,23,BLOCO 22 AP 201            PRACA SECA     21321620RIO DE JANEIRO RJ0000000000000000                                        000000000000                   
0330001300043P 010001001301476520130147652  0000000060781511  0000000000060780705201700000000003958800000 02N280420173000000000000000000000000000000000000000000000000000000000000000000000000000000000000000000000000006078000300000           
0330001300044Q 011000002380132780FERNANDA LUCENA BRAND                   RUA MARQUES DE VALENCA,67,CASA 06       TIJUCA         20550030RIO DE JANEIRO RJ0000000000000000                                        000000000000                   
0330001300045P 010001001301476520130147652  0000000060798511  0000000000060790705201700000000001972700000 02N280420173000000000000000000000000000000000000000000000000000000000000000000000000000000000000000000000000006079000300000           
0330001300046Q 011000005608065743MARCOS PAULO SOARES FERREIRA            RUA TENENTE CLETO CAMPELO,383,SOBRADO   VILA LEOPOLDINA25035360DUQUE DE CAXIASRJ0000000000000000                                        000000000000                   
0330001300047P 010001001301476520130147652  0000000060801511  0000000000060800705201700000000003958800000 02N280420173000000000000000000000000000000000000000000000000000000000000000000000000000000000000000000000000006080000300000           
0330001300048Q 011000002446503730CLAUDIO CARNEVALE                       AVENIDA HEITOR BELTRAO,152,AP 804       TIJUCA         20550000RIO DE JANEIRO RJ0000000000000000                                        000000000000                   
0330001300049P 010001001301476520130147652  0000000060811511  0000000000060810705201700000000003345100000 02N280420173000000000000000000000000000000000000000000000000000000000000000000000000000000000000000000000000006081000300000           
0330001300050Q 011000079571930725ANA PAULA CAMARA PEREIRA DE SOUZA       RUA DARCI VARGAS,374                    CENTRO         25510400SAO JOAO DE MERRJ0000000000000000                                        000000000000                   
0330001300051P 010001001301476520130147652  0000000060828511  0000000000060820705201700000000002811000000 02N280420173000000000000000000000000000000000000000000000000000000000000000000000000000000000000000000000000006082000300000           
0330001300052Q 011000002448128707ALESSANDRA CIBILO MENEZES               RUA PAULA BRITO,71,AP 403               ANDARAI        20541190RIO DE JANEIRO RJ0000000000000000                                        000000000000                   
0330001300053P 010001001301476520130147652  0000000060836511  0000000000060830705201700000000002828900000 02N280420173000000000000000000000000000000000000000000000000000000000000000000000000000000000000000000000000006083000300000           
0330001300054Q 011000005700676770PAULO ROBERTO DOS SANTOS BEZERRA CRUZ   RUA DAS LARANJEIRAS,43,BLOCO A AP 604   LARANJEIRAS    22240000RIO DE JANEIRO RJ0000000000000000                                        000000000000                   
0330001300055P 010001001301476520130147652  0000000060844511  0000000000060840705201700000000002811000000 02N280420173000000000000000000000000000000000000000000000000000000000000000000000000000000000000000000000000006084000300000           
0330001300056Q 011000002593405708CINTIA RODRIGUES FERNANDES              RUA FERNAO CARDIM,161,BLOCO 1 AP 1101   ENGENHO DE DENT20771020RIO DE JANEIRO RJ0000000000000000                                        000000000000                   
0330001300057P 010001001301476520130147652  0000000060852511  0000000000060850705201700000000009636000000 02N280420173000000000000000000000000000000000000000000000000000000000000000000000000000000000000000000000000006085000300000           
0330001300058Q 011000026908646734BENEDITO TENORIO DE LIMA                RUA BELEM ,00,QUADRA 2 LOTE 1 SN        PRAIA DO SACO  23860000MANGARATIBA    RJ0000000000000000                                        000000000000                   
0330001300059P 010001001301476520130147652  0000000060861511  0000000000060860705201700000000002670400000 02N280420173000000000000000000000000000000000000000000000000000000000000000000000000000000000000000000000000006086000300000           
0330001300060Q 011000000504855719LUISA ANGELICA ROMERO ALVES             RUA ALVARAES,1,AP 301                   DEL CASTILHO   21051080RIO DE JANEIRO RJ0000000000000000                                        000000000000                   
0330001300061P 010001001301476520130147652  0000000060879511  0000000000060870705201700000000001581000000 02N280420173000000000000000000000000000000000000000000000000000000000000000000000000000000000000000000000000006087000300000           
0330001300062Q 011000001131015460RONALDO DA SILVA ALVES                  RUA ROSA DE ALMEIDA,146,AP 208          PADRE MIGUEL   21775480RIO DE JANEIRO RJ0000000000000000                                        000000000000                   
0330001300063P 010001001301476520130147652  0000000060887511  0000000000060880705201700000000005340800000 02N280420173000000000000000000000000000000000000000000000000000000000000000000000000000000000000000000000000006088000300000           
0330001300064Q 011000000239408756MONICA LOUREIRO VIEIRA                  RUA MINEIRA,23,AP 201                   SAO CRISTOVAO  20940230RIO DE JANEIRO RJ0000000000000000                                        000000000000                   
0330001300065P 010001001301476520130147652  0000000060895511  0000000000060890705201700000000004718000000 02N280420173000000000000000000000000000000000000000000000000000000000000000000000000000000000000000000000000006089000300000           
0330001300066Q 011000063628520797EDSON JOSE DE OLIVEIRA BRILHANTE        ESTRADA DOS BANDEIRANTES,2,CASA 3       VARGEM PEQUENA 22783117RIO DE JANEIRO RJ0000000000000000                                        000000000000                   
0330001300067P 010001001301476520130147652  0000000060909511  0000000000060900705201700000000002407100000 02N280420173000000000000000000000000000000000000000000000000000000000000000000000000000000000000000000000000006090000300000           
0330001300068Q 011000008768378793RAFAEL GIMENEZ PERICO                   RUA AFRANIO PEIXOTO,68                  BINGEN         25660240PETROPOLIS     RJ0000000000000000                                        000000000000                   
0330001300069P 010001001301476520130147652  0000000060917511  0000000000060910705201700000000001090400000 02N280420173000000000000000000000000000000000000000000000000000000000000000000000000000000000000000000000000006091000300000           
0330001300070Q 011000010604862458LUIZ FELIPE LIMA DAS NEVES              RUA CABO ERNESTO,5,CASA 10              FREGUESIA (JACA22763020RIO DE JANEIRO RJ0000000000000000                                        000000000000                   
0330001300071P 010001001301476520130147652  0000000060925511  0000000000060920705201700000000001678000000 02N280420173000000000000000000000000000000000000000000000000000000000000000000000000000000000000000000000000006092000300000           
0330001300072Q 011000014602661700JESSICA GOMES LEONARDO DA SILVA         RUA CLAUDINO BARATA,938,CASA 10         REALENGO       21770200RIO DE JANEIRO RJ0000000000000000                                        000000000000                   
0330001300073P 010001001301476520130147652  0000000060933511  0000000000060930705201700000000001320800000 02N280420173000000000000000000000000000000000000000000000000000000000000000000000000000000000000000000000000006093000300000           
0330001300074Q 011000012177926785HECTOR DOS SANTOS ALMADA                RUA JUIZ JORGE SALOMAO,125,CASA         ENGENHO NOVO   20950360RIO DE JANEIRO RJ0000000000000000                                        000000000000                   
0330001300075P 010001001301476520130147652  0000000060941511  0000000000060940705201700000000006861400000 02N280420173000000000000000000000000000000000000000000000000000000000000000000000000000000000000000000000000006094000300000           
0330001300076Q 011000054797004720ELIZABETH CANDIDO CARLOS                RUA TERESA SANTOS,466,AP 102            BENTO RIBEIRO  21550510RIO DE JANEIRO RJ0000000000000000                                        000000000000                   
0330001300077P 010001001301476520130147652  0000000060951511  0000000000060950705201700000000003235200000 02N280420173000000000000000000000000000000000000000000000000000000000000000000000000000000000000000000000000006095000300000           
0330001300078Q 011000002388773709REJANE AUGUSTO DA SILVA                 RUA VISCONDE DE SANTA CRUZ,568,FUNDOS   ENGENHO NOVO   20950340RIO DE JANEIRO RJ0000000000000000                                        000000000000                   
0330001300079P 010001001301476520130147652  0000000060968511  0000000000060960705201700000000007896500000 02N280420173000000000000000000000000000000000000000000000000000000000000000000000000000000000000000000000000006096000300000           
0330001300080Q 011000085260355768CELINA DO CARMO FRANCISCO               AVENIDA CANAL ,510,BLOCO 07 GR 4 AP 1304VARGEM PEQUENA 22783020RIO DE JANEIRO RJ0000000000000000                                        000000000000                   
0330001300081P 010001001301476520130147652  0000000060976511  0000000000060970705201700000000001090400000 02N280420173000000000000000000000000000000000000000000000000000000000000000000000000000000000000000000000000006097000300000           
0330001300082Q 011000019883419732EMMANUEL DA FONSECA ARAUJO              RUA JATUARANA,65,CASA 1 AP 102 FUNDOS   ROCHA MIRANDA  21540400RIO DE JANEIRO RJ0000000000000000                                        000000000000                   
0330001300083P 010001001301476520130147652  0000000060984511  0000000000060980705201700000000001664200000 02N280420173000000000000000000000000000000000000000000000000000000000000000000000000000000000000000000000000006098000300000           
0330001300084Q 011000009047436750KELLY CRISTINE ARARIBA BRANDAO          RUA RITA VIEIRA,5,CASA FUNDOS           MADUREIRA      21360220RIO DE JANEIRO RJ0000000000000000                                        000000000000                   
03300015         000086                                                                                                                                                                                                                         
03399999         000001000088                                                                                                                                                                                                                   