03300000        2049938327000106000100001201344                         UBRASP - UNIAO BRASILEIRA     Banco Santander                         121022017      000072040                                                                          
03300011R01  030 2049938327000106                    000100001201344     UBRASP - UNIAO BRASILEIRA                                                                                     0000000121022017                                         
0330001300001P 010001001301476520130147652  0000000051284511  0000000000051281003201700000000001915200000 02N210220173000000000000000000000000000000000000000000000000000000000000000000000000000000000000000000000000005128000300000           
0330001300002Q 011000009742907773CINTIA LOPES DA SILVA                   RUA PROFESSOR BURLAMAQUI,71,CASA 05     VAZ LOBO       21361010RIO DE JANEIRO RJ0000000000000000                                        000000000000                   
0330001300003P 010001001301476520130147652  0000000051292511  0000000000051291003201700000000002913800000 02N210220173000000000000000000000000000000000000000000000000000000000000000000000000000000000000000000000000005129000300000           
0330001300004Q 011000034669363816CRISTIANE AUDREY PEREIRA DO CARMO       RUA MAURICIO DA COSTA FARIA,720,AP 202  RECREIO DOS BAN22790285RIO DE JANEIRO RJ0000000000000000                                        000000000000                   
0330001300005P 010001001301476520130147652  0000000051306511  0000000000051301003201700000000002155500000 02N210220173000000000000000000000000000000000000000000000000000000000000000000000000000000000000000000000000005130000300000           
0330001300006Q 011000003142751181LEIA CRISTINA DE OLIVEIRA NASCIMENTO    RUA TUCUPI,46,FRENTE                    ROCHA MIRANDA  21540580RIO DE JANEIRO RJ0000000000000000                                        000000000000                   
0330001300007P 010001001301476520130147652  0000000051314511  0000000000051311003201700000000004966300000 02N210220173000000000000000000000000000000000000000000000000000000000000000000000000000000000000000000000000005131000300000           
0330001300008Q 011000002305125771TANIA MARA PEREIRA LIMA                 RUA NITEROI,476                         PARQUE LAFAIETE25015340DUQUE DE CAXIASRJ0000000000000000                                        000000000000                   
0330001300009P 010001001301476520130147652  0000000051322511  0000000000051321003201700000000006861400000 02N210220173000000000000000000000000000000000000000000000000000000000000000000000000000000000000000000000000005132000300000           
0330001300010Q 011000034937714791LOURDES GONCALVES RIBEIRO               RUA FRANCISCO VENANC,131,AP 304 BLOCO 01PENHA CIRCULAR 21215570RIO DE JANEIRO RJ0000000000000000                                        000000000000                   
0330001300011P 010001001301476520130147652  0000000051331511  0000000000051331003201700000000001147800000 02N210220173000000000000000000000000000000000000000000000000000000000000000000000000000000000000000000000000005133000300000           
0330001300012Q 011000015712436744JULIA RIBEIRO MACHADO                   RUA FRANCISCO V,131,BLOCO 03 GR 2 AP 307PENHA CIRCULAR 21215570RIO DE JANEIRO RJ0000000000000000                                        000000000000                   
0330001300013P 010001001301476520130147652  0000000051349511  0000000000051341003201700000000002268200000 02N210220173000000000000000000000000000000000000000000000000000000000000000000000000000000000000000000000000005134000300000           
0330001300014Q 011000003528272708CLAUDIVAN MOREIRA SOARES                RUA MOURAO DO VALE,15,AP 227            SAO CRISTOVAO  20930470RIO DE JANEIRO RJ0000000000000000                                        000000000000                   
0330001300015P 010001001301476520130147652  0000000051357511  0000000000051351003201700000000001714200000 02N210220173000000000000000000000000000000000000000000000000000000000000000000000000000000000000000000000000005135000300000           
0330001300016Q 011000007348740731RAQUEL RUTMAN                           RUA CLARA - DE 1 AO FIM - LA,345,AP 1005COPACABANA?    22041011RIO DE JANEIRO RJ0000000000000000                                        000000000000                   
0330001300017P 010001001301476520130147652  0000000051365511  0000000000051361003201700000000003849900000 02N210220173000000000000000000000000000000000000000000000000000000000000000000000000000000000000000000000000005136000300000           
0330001300018Q 011000095478710725CLAUDIO DEODATO COSTA                   AVENIDA DARCI VARGAS,195,CASA           GRAMACHO       25035250DUQUE DE CAXIASRJ0000000000000000                                        000000000000                   
0330001300019P 010001001301476520130147652  0000000051373511  0000000000051371003201700000000002052800000 02N210220173000000000000000000000000000000000000000000000000000000000000000000000000000000000000000000000000005137000300000           
0330001300020Q 011000015007378798JOAO VICTOR ENGELKE ALBUQUERQUE         RUA BARAO,23,CASA 22 AP 201             PRACA SECA     21321620RIO DE JANEIRO RJ0000000000000000                                        000000000000                   
0330001300021P 010001001301476520130147652  0000000051381511  0000000000051381003201700000000003958800000 02N210220173000000000000000000000000000000000000000000000000000000000000000000000000000000000000000000000000005138000300000           
0330001300022Q 011000002380132780FERNANDA LUCENA BRAND                   RUA MARQUES DE VALENCA,67,CASA 06       TIJUCA         20550030RIO DE JANEIRO RJ0000000000000000                                        000000000000                   
0330001300023P 010001001301476520130147652  0000000051391511  0000000000051391003201700000000001972700000 02N210220173000000000000000000000000000000000000000000000000000000000000000000000000000000000000000000000000005139000300000           
0330001300024Q 011000005608065743MARCOS PAULO SOARES FERREIRA            RUA TENENTE CLETO CAMPELO,383,SOBRADO   VILA LEOPOLDINA25035360DUQUE DE CAXIASRJ0000000000000000                                        000000000000                   
0330001300025P 010001001301476520130147652  0000000051403511  0000000000051401003201700000000003958800000 02N210220173000000000000000000000000000000000000000000000000000000000000000000000000000000000000000000000000005140000300000           
0330001300026Q 011000002446503730CLAUDIO CARNEVALE                       AVENIDA HEITOR BELTRAO,152,AP 804       TIJUCA         20550000RIO DE JANEIRO RJ0000000000000000                                        000000000000                   
0330001300027P 010001001301476520130147652  0000000051411511  0000000000051411003201700000000002811000000 02N210220173000000000000000000000000000000000000000000000000000000000000000000000000000000000000000000000000005141000300000           
0330001300028Q 011000079571930725ANA PAULA CAMARA PEREIRA DE SOUZA       RUA DARCI VARGAS,374                    CENTRO         25510400SAO JOAO DE MERRJ0000000000000000                                        000000000000                   
03300015         000030                                                                                                                                                                                                                         
03399999         000001000032                                                                                                                                                                                                                   