03300000        2049938327000106000100001201344                         UBRASP - UNIAO BRASILEIRA     Banco Santander                         117022017      000071040                                                                          
03300011R01  030 2049938327000106                    000100001201344     UBRASP - UNIAO BRASILEIRA                                                                                     0000000117022017                                         
0330001300001P 010001001301476520130147652  0000000050865511  0000000000050861003201700000000002705700000 02N170220173000000000000000000000000000000000000000000000000000000000000000000000000000000000000000000000000005086000300000           
0330001300002Q 011000091061008720VANUZA DA SILVA GUIMARAES               RUA DONA EUGENIA,17,CASA 03             ENGENHO DE DENT20755300RIO DE JANEIRO RJ0000000000000000                                        000000000000                   
0330001300003P 010001001301476520130147652  0000000050831511  0000000000050831003201700000000004776000000 02N170220173000000000000000000000000000000000000000000000000000000000000000000000000000000000000000000000000005083000300000           
0330001300004Q 011000053591160725MARIA LUCIA RIBEIRO                     RUA CAMPO GRANDE,2104,BLOCO 07 AP 507   CAMPO GRANDE   23070000RIO DE JANEIRO RJ0000000000000000                                        000000000000                   
0330001300005P 010001001301476520130147652  0000000050849511  0000000000050841003201700000000005738400000 02N170220173000000000000000000000000000000000000000000000000000000000000000000000000000000000000000000000000005084000300000           
0330001300006Q 011000007540169788MARIA DO SOCORRO DA SILVA PEREN         RUA PRESIDENTE JUSC,00,LOTE 15 QUADRA L PARQUE ESPERANC26173515BELFORD ROXO   RJ0000000000000000                                        000000000000                   
0330001300007P 010001001301476520130147652  0000000050873511  0000000000050871003201700000000001161500000 02N170220173000000000000000000000000000000000000000000000000000000000000000000000000000000000000000000000000005087000300000           
0330001300008Q 011000017091146735GABRIELLE CRISTINE FERREIRA             AVENIDA PERIMETRAL DOUTOR AL,110,FUNDOS PARQUE PAULICEI25080010DUQUE DE CAXIASRJ0000000000000000                                        000000000000                   
0330001300009P 010001001301476520130147652  0000000050881511  0000000000050881003201700000000001442800000 02N170220173000000000000000000000000000000000000000000000000000000000000000000000000000000000000000000000000005088000300000           
0330001300010Q 011000015746117714JULIA DE OLIVEIRA RIBEIRO PENHA         RUA DIVISA NOVA,104,AP 202              LINS DE VASCONC20725210RIO DE JANEIRO RJ0000000000000000                                        000000000000                   
0330001300011P 010001001301476520130147652  0000000050891511  0000000000050891003201700000000002337000000 02N170220173000000000000000000000000000000000000000000000000000000000000000000000000000000000000000000000000005089000300000           
0330001300012Q 011000008359242704FLAVIO SOUSA MENDES                     RUA FRANCISCA SALES,746,CASA 20         FREGUESIA (JACA22760000RIO DE JANEIRO RJ0000000000000000                                        000000000000                   
0330001300013P 010001001301476520130147652  0000000050903511  0000000000050901003201700000000001090400000 02N170220173000000000000000000000000000000000000000000000000000000000000000000000000000000000000000000000000005090000300000           
0330001300014Q 011000018530572742HENRY ALEXANDRE DE SOUZA SILVA          RUA JOAO ADIL DE OLI,S/N,BLOCO 17 AP 308IRAJA?         21230175RIO DE JANEIRO RJ0000000000000000                                        000000000000                   
0330001300015P 010001001301476520130147652  0000000050911511  0000000000050911003201700000000001219600000 02N170220173000000000000000000000000000000000000000000000000000000000000000000000000000000000000000000000000005091000300000           
0330001300016Q 011000015204828761JADER LUIZ PEREIRA DE SOUZA             RUA DARCI VARGAS,374,FRENTE             CENTRO         25510400SAO JOAO DE MERRJ0000000000000000                                        000000000000                   
0330001300017P 010001001301476520130147652  0000000050921511  0000000000050921003201700000000002797600000 02N170220173000000000000000000000000000000000000000000000000000000000000000000000000000000000000000000000000005092000300000           
0330001300018Q 011000076292703720APARECIDA DE MENEZES LOPES              RUA ARATANGI,180,A CASA SB              COELHO NETO    21545360RIO DE JANEIRO RJ0000000000000000                                        000000000000                   
0330001300019P 010001001301476520130147652  0000000050938511  0000000000050931003201700000000003609000000 02N170220173000000000000000000000000000000000000000000000000000000000000000000000000000000000000000000000000005093000300000           
0330001300020Q 011000063459086734PENHA CRISTINA JERONIMO PEREIRA         RUA TOGO,09                             BANGU          21852220RIO DE JANEIRO RJ0000000000000000                                        000000000000                   
0330001300021P 010001001301476520130147652  0000000050946511  0000000000050941003201700000000001974200000 02N170220173000000000000000000000000000000000000000000000000000000000000000000000000000000000000000000000000005094000300000           
0330001300022Q 011000014468644729CARLOS EDUARDO SOARES DE SOUZA          RUA PACHECO JORDAO,176,FUNDOS           HIGIENOPOLIS   21050530RIO DE JANEIRO RJ0000000000000000                                        000000000000                   
0330001300023P 010001001301476520130147652  0000000050954511  0000000000050951003201700000000003609000000 02N170220173000000000000000000000000000000000000000000000000000000000000000000000000000000000000000000000000005095000300000           
0330001300024Q 011000071510303715RONALDO SILVA GENTIL                    RUA PADRE ILD,103,BLOCO 02 GR 11 AP 1003MEIER          20775020RIO DE JANEIRO RJ0000000000000000                                        000000000000                   
0330001300025P 010001001301476520130147652  0000000050962511  0000000000050961003201700000000001433600000 02N170220173000000000000000000000000000000000000000000000000000000000000000000000000000000000000000000000000005096000300000           
0330001300026Q 011000008904296773SERGIO HENRIQUE PACIFICO DE OLIVEIRA    RUA CAPITAO TARCISO BUENO,50,AP 506     COELHO NETO    21530110RIO DE JANEIRO RJ0000000000000000                                        000000000000                   
0330001300027P 010001001301476520130147652  0000000050857511  0000000000050851003201700000000001219600000 02N170220173000000000000000000000000000000000000000000000000000000000000000000000000000000000000000000000000005085000300000           
0330001300028Q 011000013504571756JONATHAN LUIZ PEREIRA DE SOUZA          RUA DARCI VARGAS,374,FRENTE             CENTRO         25510400SAO JOAO DE MERRJ0000000000000000                                        000000000000                   
0330001300029P 010001001301476520130147652  0000000050971511  0000000000050971003201700000000003111100000 02N170220173000000000000000000000000000000000000000000000000000000000000000000000000000000000000000000000000005097000300000           
0330001300030Q 011000089644107691ELIZABET MIMILAGUE VENTURA LEE          RUA GETULIO,321,BLOCO 01 AP 404         TODOS OS SANTOS20775000RIO DE JANEIRO RJ0000000000000000                                        000000000000                   
0330001300031P 010001001301476520130147652  0000000050989511  0000000000050981003201700000000001613700000 02N170220173000000000000000000000000000000000000000000000000000000000000000000000000000000000000000000000000005098000300000           
0330001300032Q 011000013104324735NATALIA DE OLIVEIRA GUERRA              RUA CECI,1832,SB 3                      EDEN           25535120SAO JOAO DE MERRJ0000000000000000                                        000000000000                   
0330001300033P 010001001301476520130147652  0000000050997511  0000000000050991003201700000000002350900000 02N170220173000000000000000000000000000000000000000000000000000000000000000000000000000000000000000000000000005099000300000           
0330001300034Q 011000001243437758PATRICIA VIEIRA DUARTE                  RUA FREI CANECA,148,AP 709              CENTRO         20211040RIO DE JANEIRO RJ0000000000000000                                        000000000000                   
0330001300035P 010001001301476520130147652  0000000051004511  0000000000051001003201700000000002436900000 02N170220173000000000000000000000000000000000000000000000000000000000000000000000000000000000000000000000000005100000300000           
0330001300036Q 011000002352142725LUIS FELIPE CUQUEJO MARTINS             AVENIDA NOSSA SENHORA DE COP,1229,AP 604COPACABANA     22070011RIO DE JANEIRO RJ0000000000000000                                        000000000000                   
0330001300037P 010001001301476520130147652  0000000051012511  0000000000051011003201700000000009755800000 02N170220173000000000000000000000000000000000000000000000000000000000000000000000000000000000000000000000000005101000300000           
0330001300038Q 011000033009414749RICARDO DE MAGALHAES MASSENA            RUA GUILHERME MARCONI,76,AP 107         CENTRO         20240180RIO DE JANEIRO RJ0000000000000000                                        000000000000                   
0330001300039P 010001001301476520130147652  0000000051021511  0000000000051021003201700000000002179500000 02N170220173000000000000000000000000000000000000000000000000000000000000000000000000000000000000000000000000005102000300000           
0330001300040Q 011000010437214796ARTHUR VIEIRA LOPES NETO                RUA ARATANGI,180,A CASA SB              COELHO NETO    21545360RIO DE JANEIRO RJ0000000000000000                                        000000000000                   
0330001300041P 010001001301476520130147652  0000000051039511  0000000000051031003201700000000003128700000 02N170220173000000000000000000000000000000000000000000000000000000000000000000000000000000000000000000000000005103000300000           
0330001300042Q 011000003386380751EDILENE SILVINA VIEIRA                  RUA (VL DO JOAO),441                    MARE?          21046540RIO DE JANEIRO RJ0000000000000000                                        000000000000                   
0330001300043P 010001001301476520130147652  0000000051047511  0000000000051041003201700000000001874000000 02N170220173000000000000000000000000000000000000000000000000000000000000000000000000000000000000000000000000005104000300000           
0330001300044Q 011000001591018161FRANCISCA SOUSA NASCIMENTO              PRAIA FLAMENGO - DE 195/196 AO ,370,1601FLAMENGO?      22210065RIO DE JANEIRO RJ0000000000000000                                        000000000000                   
0330001300045P 010001001301476520130147652  0000000051055511  0000000000051051003201700000000006518300000 02N170220173000000000000000000000000000000000000000000000000000000000000000000000000000000000000000000000000005105000300000           
0330001300046Q 011000049178032768ENI CALIXTO DA CONCEICAO                RUA CRATO,51,BLOCO 05 GR 01 AP 101      PENHA CIRCULAR 21210420RIO DE JANEIRO RJ0000000000000000                                        000000000000                   
0330001300047P 010001001301476520130147652  0000000051063511  0000000000051061003201700000000001611700000 02N170220173000000000000000000000000000000000000000000000000000000000000000000000000000000000000000000000000005106000300000           
0330001300048Q 011000017300811779EDUARDO LIRA DOS REIS FEITOSA           RUA ANDARAI,670,CASA 2                  ANDARAI        20541210RIO DE JANEIRO RJ0000000000000000                                        000000000000                   
0330001300049P 010001001301476520130147652  0000000051071511  0000000000051071003201700000000002337000000 02N170220173000000000000000000000000000000000000000000000000000000000000000000000000000000000000000000000000005107000300000           
0330001300050Q 011000005699233792MARCOS VINICIUS PIMENTEL DE AGUIAR      CAMINHO DO MATEUS,100,BLOCO 01 AP 704   INHAUMA        20760530RIO DE JANEIRO RJ0000000000000000                                        000000000000                   
0330001300051P 010001001301476520130147652  0000000051081511  0000000000051081003201700000000006518300000 02N170220173000000000000000000000000000000000000000000000000000000000000000000000000000000000000000000000000005108000300000           
0330001300052Q 011000037802348749KATIA MARIA EDUARDO DE SOUZA            RUA CORONEL MOREIRA CESAR,451,AP 803    ICARAI         24230053NITEROI        RJ0000000000000000                                        000000000000                   
0330001300053P 010001001301476520130147652  0000000051098511  0000000000051091003201700000000001594100000 02N170220173000000000000000000000000000000000000000000000000000000000000000000000000000000000000000000000000005109000300000           
0330001300054Q 011000014845161761TATIANE PRALON DOS SANTOS               RUA AZURITA,00,FUNDOS LOTE 4 QUADRA 37  REALENGO       21760310RIO DE JANEIRO RJ0000000000000000                                        000000000000                   
0330001300055P 010001001301476520130147652  0000000051101511  0000000000051101003201700000000002407100000 02N170220173000000000000000000000000000000000000000000000000000000000000000000000000000000000000000000000000005110000300000           
0330001300056Q 011000005229867736VIVIANE DA SILVA MOREIRA                RUA OURO PRETO,167,CASA 04 FUNDOS       QUINTINO BOCAIU21380380RIO DE JANEIRO RJ0000000000000000                                        000000000000                   
0330001300057P 010001001301476520130147652  0000000051111511  0000000000051111003201700000000002337000000 02N170220173000000000000000000000000000000000000000000000000000000000000000000000000000000000000000000000000005111000300000           
0330001300058Q 011000009203949739ILDA GRACIETE SANTOS DA SILVA           AVENIDA MARACANA,1905,AP 417 BLOCO D    TIJUCA         20530230RIO DE JANEIRO RJ0000000000000000                                        000000000000                   
0330001300059P 010001001301476520130147652  0000000051128511  0000000000051121003201700000000007255900000 02N170220173000000000000000000000000000000000000000000000000000000000000000000000000000000000000000000000000005112000300000           
0330001300060Q 011000092170650725MARCIA CRISTINA FERREIRA DE BARROS      RUA TAMBAU,270                          RAMOS          21031130RIO DE JANEIRO RJ0000000000000000                                        000000000000                   
0330001300061P 010001001301476520130147652  0000000051136511  0000000000051131003201700000000007501700000 02N170220173000000000000000000000000000000000000000000000000000000000000000000000000000000000000000000000000005113000300000           
0330001300062Q 011000091842905791MARIA DA CONCEICAO DA SILVA PEREIRA     RUA DONA ZULMIRA,19,AP 403              MARACANA       20550160RIO DE JANEIRO RJ0000000000000000                                        000000000000                   
03300015         000064                                                                                                                                                                                                                         
03399999         000001000066                                                                                                                                                                                                                   