03300000        2049938327000106000100001201344                         UBRASP - UNIAO BRASILEIRA     Banco Santander                         104052017      000083040                                                                          
03300011R01  030 2049938327000106                    000100001201344     UBRASP - UNIAO BRASILEIRA                                                                                     0000000104052017                                         
0330001300001P 010001001301476520130147652  0000000061166511  0000000000061160705201700000000003810300000 02N040520173000000000000000000000000000000000000000000000000000000000000000000000000000000000000000000000000006116000300000           
0330001300002Q 011000002145905774KARLA DA CRUZ ANNARUMMA                 RUA PAULO SILVA ARAUJO,21,201           MEIER          20735230RIO DE JANEIRO RJ0000000000000000                                        000000000000                   
0330001300003P 010001001301476520130147652  0000000061174511  0000000000061170705201700000000003167200000 02N040520173000000000000000000000000000000000000000000000000000000000000000000000000000000000000000000000000006117000300000           
0330001300004Q 011000004491527741PEDRO JOSE DOS SANTOS                   AVENIDA PRESIDENTE VARGAS,534,9? ANDAR  CENTRO         20071000RIO DE JANEIRO RJ0000000000000000                                        000000000000                   
0330001300005P 010001001301476520130147652  0000000061182511  0000000000061180705201700000000002797600000 02N040520173000000000000000000000000000000000000000000000000000000000000000000000000000000000000000000000000006118000300000           
0330001300006Q 011000092267556715ELIZA HELENA DAMAS DA COSTA             RUA CARUMBE,246,CASA 17                 REALENGO       21755140RIO DE JANEIRO RJ0000000000000000                                        000000000000                   
0330001300007P 010001001301476520130147652  0000000061191511  0000000000061190705201700000000002161000000 02N040520173000000000000000000000000000000000000000000000000000000000000000000000000000000000000000000000000006119000300000           
0330001300008Q 011000005826018780HELENA BIELINSKI CARVALHO               RUA PEREIRA DE SIQUEIRA,24,AP 102       TIJUCA         20550020RIO DE JANEIRO RJ0000000000000000                                        000000000000                   
03300015         000010                                                                                                                                                                                                                         
03399999         000001000012                                                                                                                                                                                                                   