03300000        2049938327000106000100001201344                         UBRASP - UNIAO BRASILEIRA     Banco Santander                         131012017      000061040                                                                          
03300011R01  030 2049938327000106                    000100001201344     UBRASP - UNIAO BRASILEIRA                                                                                     0000000131012017                                         
0330001300001P 010001001301476520130147652  0000000048861511  0000000000048860702201600000000004776000000 02N310120173000000000000000000000000000000000000000000000000000000000000000000000000000000000000000000000000004886000300000           
0330001300002Q 011000053591160725MARIA LUCIA RIBEIRO                     RUA CAMPO GRANDE,2104,BLOCO 07 AP 507   CAMPO GRANDE   23070000RIO DE JANEIRO RJ0000000000000000                                        000000000000                   
0330001300003P 010001001301476520130147652  0000000048879511  0000000000048870702201600000000005738400000 02N310120173000000000000000000000000000000000000000000000000000000000000000000000000000000000000000000000000004887000300000           
0330001300004Q 011000007540169788MARIA DO SOCORRO DA SILVA PEREN         RUA PRESIDENTE JUSC,00,LOTE 15 QUADRA L PARQUE ESPERANC26173515BELFORD ROXO   RJ0000000000000000                                        000000000000                   
0330001300005P 010001001301476520130147652  0000000048887511  0000000000048880702201600000000001219600000 02N310120173000000000000000000000000000000000000000000000000000000000000000000000000000000000000000000000000004888000300000           
0330001300006Q 011000013504571756JONATHAN LUIZ PEREIRA DE SOUZA          RUA DARCI VARGAS,374,CASA 03            CENTRO         25510400SAO JOAO DE MERRJ0000000000000000                                        000000000000                   
03300015         000008                                                                                                                                                                                                                         
03399999         000001000010                                                                                                                                                                                                                   