03300000        2049938327000106000100001201344                         UBRASP - UNIAO BRASILEIRA     Banco Santander                         131052017      000093040                                                                          
03300011R01  030 2049938327000106                    000100001201344     UBRASP - UNIAO BRASILEIRA                                                                                     0000000131052017                                         
0330001300001P 010001001301476520130147652  0000000089303511  0000000000089301006201700000000002925500000 02N310520173000000000000000000000000000000000000000000000000000000000000000000000000000000000000000000000000008930000300000           
0330001300002Q 011000008561126744GERUZA VIRGINIO SILVA                   RUA ARUTI,59,LOTE 4                     PRACA SECA     21321030RIO DE JANEIRO RJ0000000000000000                                        000000000000                   
0330001300003P 010001001301476520130147652  0000000089311511  0000000000089311007201700000000002925500000 02N310520173000000000000000000000000000000000000000000000000000000000000000000000000000000000000000000000000008931000300000           
0330001300004Q 011000008561126744GERUZA VIRGINIO SILVA                   RUA ARUTI,59,LOTE 4                     PRACA SECA     21321030RIO DE JANEIRO RJ0000000000000000                                        000000000000                   
0330001300005P 010001001301476520130147652  0000000089321511  0000000000089321008201700000000002925500000 02N310520173000000000000000000000000000000000000000000000000000000000000000000000000000000000000000000000000008932000300000           
0330001300006Q 011000008561126744GERUZA VIRGINIO SILVA                   RUA ARUTI,59,LOTE 4                     PRACA SECA     21321030RIO DE JANEIRO RJ0000000000000000                                        000000000000                   
0330001300007P 010001001301476520130147652  0000000089338511  0000000000089331009201700000000002925500000 02N310520173000000000000000000000000000000000000000000000000000000000000000000000000000000000000000000000000008933000300000           
0330001300008Q 011000008561126744GERUZA VIRGINIO SILVA                   RUA ARUTI,59,LOTE 4                     PRACA SECA     21321030RIO DE JANEIRO RJ0000000000000000                                        000000000000                   
0330001300009P 010001001301476520130147652  0000000089346511  0000000000089341010201700000000002925500000 02N310520173000000000000000000000000000000000000000000000000000000000000000000000000000000000000000000000000008934000300000           
0330001300010Q 011000008561126744GERUZA VIRGINIO SILVA                   RUA ARUTI,59,LOTE 4                     PRACA SECA     21321030RIO DE JANEIRO RJ0000000000000000                                        000000000000                   
0330001300011P 010001001301476520130147652  0000000089354511  0000000000089351011201700000000002925500000 02N310520173000000000000000000000000000000000000000000000000000000000000000000000000000000000000000000000000008935000300000           
0330001300012Q 011000008561126744GERUZA VIRGINIO SILVA                   RUA ARUTI,59,LOTE 4                     PRACA SECA     21321030RIO DE JANEIRO RJ0000000000000000                                        000000000000                   
0330001300013P 010001001301476520130147652  0000000089362511  0000000000089361012201700000000002925500000 02N310520173000000000000000000000000000000000000000000000000000000000000000000000000000000000000000000000000008936000300000           
0330001300014Q 011000008561126744GERUZA VIRGINIO SILVA                   RUA ARUTI,59,LOTE 4                     PRACA SECA     21321030RIO DE JANEIRO RJ0000000000000000                                        000000000000                   
0330001300015P 010001001301476520130147652  0000000089371511  0000000000089371006201700000000006000600000 02N310520173000000000000000000000000000000000000000000000000000000000000000000000000000000000000000000000000008937000300000           
0330001300016Q 011000037165259791ANGELA SCHOWOETTER MARTELLO             ESTRADA PACUI,64,AP 203 FUNDOS          VARGEM GRANDE  22785160RIO DE JANEIRO RJ0000000000000000                                        000000000000                   
0330001300017P 010001001301476520130147652  0000000089389511  0000000000089381007201700000000006000600000 02N310520173000000000000000000000000000000000000000000000000000000000000000000000000000000000000000000000000008938000300000           
0330001300018Q 011000037165259791ANGELA SCHOWOETTER MARTELLO             ESTRADA PACUI,64,AP 203 FUNDOS          VARGEM GRANDE  22785160RIO DE JANEIRO RJ0000000000000000                                        000000000000                   
0330001300019P 010001001301476520130147652  0000000089397511  0000000000089391008201700000000006000600000 02N310520173000000000000000000000000000000000000000000000000000000000000000000000000000000000000000000000000008939000300000           
0330001300020Q 011000037165259791ANGELA SCHOWOETTER MARTELLO             ESTRADA PACUI,64,AP 203 FUNDOS          VARGEM GRANDE  22785160RIO DE JANEIRO RJ0000000000000000                                        000000000000                   
0330001300021P 010001001301476520130147652  0000000089401511  0000000000089401009201700000000006000600000 02N310520173000000000000000000000000000000000000000000000000000000000000000000000000000000000000000000000000008940000300000           
0330001300022Q 011000037165259791ANGELA SCHOWOETTER MARTELLO             ESTRADA PACUI,64,AP 203 FUNDOS          VARGEM GRANDE  22785160RIO DE JANEIRO RJ0000000000000000                                        000000000000                   
0330001300023P 010001001301476520130147652  0000000089419511  0000000000089411010201700000000006000600000 02N310520173000000000000000000000000000000000000000000000000000000000000000000000000000000000000000000000000008941000300000           
0330001300024Q 011000037165259791ANGELA SCHOWOETTER MARTELLO             ESTRADA PACUI,64,AP 203 FUNDOS          VARGEM GRANDE  22785160RIO DE JANEIRO RJ0000000000000000                                        000000000000                   
0330001300025P 010001001301476520130147652  0000000089427511  0000000000089421011201700000000006000600000 02N310520173000000000000000000000000000000000000000000000000000000000000000000000000000000000000000000000000008942000300000           
0330001300026Q 011000037165259791ANGELA SCHOWOETTER MARTELLO             ESTRADA PACUI,64,AP 203 FUNDOS          VARGEM GRANDE  22785160RIO DE JANEIRO RJ0000000000000000                                        000000000000                   
0330001300027P 010001001301476520130147652  0000000089435511  0000000000089431012201700000000006000600000 02N310520173000000000000000000000000000000000000000000000000000000000000000000000000000000000000000000000000008943000300000           
0330001300028Q 011000037165259791ANGELA SCHOWOETTER MARTELLO             ESTRADA PACUI,64,AP 203 FUNDOS          VARGEM GRANDE  22785160RIO DE JANEIRO RJ0000000000000000                                        000000000000                   
0330001300029P 010001001301476520130147652  0000000089451511  0000000000089450706201700000000003773900000 02N310520173000000000000000000000000000000000000000000000000000000000000000000000000000000000000000000000000008945000300000           
0330001300030Q 011000072202165720MARIA APARECIDA PEREIRA COSTA           RUA MARQUES DE OLINDA,58,AP 501         BOTAFOGO       22251040RIO DE JANEIRO RJ0000000000000000                                        000000000000                   
0330001300031P 010001001301476520130147652  0000000089461511  0000000000089460707201700000000003773900000 02N310520173000000000000000000000000000000000000000000000000000000000000000000000000000000000000000000000000008946000300000           
0330001300032Q 011000072202165720MARIA APARECIDA PEREIRA COSTA           RUA MARQUES DE OLINDA,58,AP 501         BOTAFOGO       22251040RIO DE JANEIRO RJ0000000000000000                                        000000000000                   
0330001300033P 010001001301476520130147652  0000000089478511  0000000000089470708201700000000003773900000 02N310520173000000000000000000000000000000000000000000000000000000000000000000000000000000000000000000000000008947000300000           
0330001300034Q 011000072202165720MARIA APARECIDA PEREIRA COSTA           RUA MARQUES DE OLINDA,58,AP 501         BOTAFOGO       22251040RIO DE JANEIRO RJ0000000000000000                                        000000000000                   
0330001300035P 010001001301476520130147652  0000000089486511  0000000000089480709201700000000003773900000 02N310520173000000000000000000000000000000000000000000000000000000000000000000000000000000000000000000000000008948000300000           
0330001300036Q 011000072202165720MARIA APARECIDA PEREIRA COSTA           RUA MARQUES DE OLINDA,58,AP 501         BOTAFOGO       22251040RIO DE JANEIRO RJ0000000000000000                                        000000000000                   
0330001300037P 010001001301476520130147652  0000000089494511  0000000000089490710201700000000003773900000 02N310520173000000000000000000000000000000000000000000000000000000000000000000000000000000000000000000000000008949000300000           
0330001300038Q 011000072202165720MARIA APARECIDA PEREIRA COSTA           RUA MARQUES DE OLINDA,58,AP 501         BOTAFOGO       22251040RIO DE JANEIRO RJ0000000000000000                                        000000000000                   
0330001300039P 010001001301476520130147652  0000000089508511  0000000000089500711201700000000003773900000 02N310520173000000000000000000000000000000000000000000000000000000000000000000000000000000000000000000000000008950000300000           
0330001300040Q 011000072202165720MARIA APARECIDA PEREIRA COSTA           RUA MARQUES DE OLINDA,58,AP 501         BOTAFOGO       22251040RIO DE JANEIRO RJ0000000000000000                                        000000000000                   
0330001300041P 010001001301476520130147652  0000000089516511  0000000000089510712201700000000003773900000 02N310520173000000000000000000000000000000000000000000000000000000000000000000000000000000000000000000000000008951000300000           
0330001300042Q 011000072202165720MARIA APARECIDA PEREIRA COSTA           RUA MARQUES DE OLINDA,58,AP 501         BOTAFOGO       22251040RIO DE JANEIRO RJ0000000000000000                                        000000000000                   
0330001300043P 010001001301476520130147652  0000000089524511  0000000000089521006201700000000006000600000 02N310520173000000000000000000000000000000000000000000000000000000000000000000000000000000000000000000000000008952000300000           
0330001300044Q 011000001648699723ELIANE MARTINS DA COSTA                 RUA CARAJAS,237,CASA                    VILA KOSMOS    21220110RIO DE JANEIRO RJ0000000000000000                                        000000000000                   
0330001300045P 010001001301476520130147652  0000000089532511  0000000000089531007201700000000006000600000 02N310520173000000000000000000000000000000000000000000000000000000000000000000000000000000000000000000000000008953000300000           
0330001300046Q 011000001648699723ELIANE MARTINS DA COSTA                 RUA CARAJAS,237,CASA                    VILA KOSMOS    21220110RIO DE JANEIRO RJ0000000000000000                                        000000000000                   
0330001300047P 010001001301476520130147652  0000000089541511  0000000000089541008201700000000006000600000 02N310520173000000000000000000000000000000000000000000000000000000000000000000000000000000000000000000000000008954000300000           
0330001300048Q 011000001648699723ELIANE MARTINS DA COSTA                 RUA CARAJAS,237,CASA                    VILA KOSMOS    21220110RIO DE JANEIRO RJ0000000000000000                                        000000000000                   
0330001300049P 010001001301476520130147652  0000000089559511  0000000000089551009201700000000006000600000 02N310520173000000000000000000000000000000000000000000000000000000000000000000000000000000000000000000000000008955000300000           
0330001300050Q 011000001648699723ELIANE MARTINS DA COSTA                 RUA CARAJAS,237,CASA                    VILA KOSMOS    21220110RIO DE JANEIRO RJ0000000000000000                                        000000000000                   
0330001300051P 010001001301476520130147652  0000000089567511  0000000000089561010201700000000006000600000 02N310520173000000000000000000000000000000000000000000000000000000000000000000000000000000000000000000000000008956000300000           
0330001300052Q 011000001648699723ELIANE MARTINS DA COSTA                 RUA CARAJAS,237,CASA                    VILA KOSMOS    21220110RIO DE JANEIRO RJ0000000000000000                                        000000000000                   
0330001300053P 010001001301476520130147652  0000000089575511  0000000000089571011201700000000006000600000 02N310520173000000000000000000000000000000000000000000000000000000000000000000000000000000000000000000000000008957000300000           
0330001300054Q 011000001648699723ELIANE MARTINS DA COSTA                 RUA CARAJAS,237,CASA                    VILA KOSMOS    21220110RIO DE JANEIRO RJ0000000000000000                                        000000000000                   
0330001300055P 010001001301476520130147652  0000000089583511  0000000000089581012201700000000006000600000 02N310520173000000000000000000000000000000000000000000000000000000000000000000000000000000000000000000000000008958000300000           
0330001300056Q 011000001648699723ELIANE MARTINS DA COSTA                 RUA CARAJAS,237,CASA                    VILA KOSMOS    21220110RIO DE JANEIRO RJ0000000000000000                                        000000000000                   
0330001300057P 010001001301476520130147652  0000000089591511  0000000000089591006201700000000001455400000 02N310520173000000000000000000000000000000000000000000000000000000000000000000000000000000000000000000000000008959000300000           
0330001300058Q 011000009793601701DARLENE DOS SANTOS NEVES                RUA IGUAIBA,55,CASA 04                  CASCADURA      21311230RIO DE JANEIRO RJ0000000000000000                                        000000000000                   
0330001300059P 010001001301476520130147652  0000000089605511  0000000000089601007201700000000001455400000 02N310520173000000000000000000000000000000000000000000000000000000000000000000000000000000000000000000000000008960000300000           
0330001300060Q 011000009793601701DARLENE DOS SANTOS NEVES                RUA IGUAIBA,55,CASA 04                  CASCADURA      21311230RIO DE JANEIRO RJ0000000000000000                                        000000000000                   
0330001300061P 010001001301476520130147652  0000000089613511  0000000000089611008201700000000001455400000 02N310520173000000000000000000000000000000000000000000000000000000000000000000000000000000000000000000000000008961000300000           
0330001300062Q 011000009793601701DARLENE DOS SANTOS NEVES                RUA IGUAIBA,55,CASA 04                  CASCADURA      21311230RIO DE JANEIRO RJ0000000000000000                                        000000000000                   
0330001300063P 010001001301476520130147652  0000000089621511  0000000000089621009201700000000001455400000 02N310520173000000000000000000000000000000000000000000000000000000000000000000000000000000000000000000000000008962000300000           
0330001300064Q 011000009793601701DARLENE DOS SANTOS NEVES                RUA IGUAIBA,55,CASA 04                  CASCADURA      21311230RIO DE JANEIRO RJ0000000000000000                                        000000000000                   
0330001300065P 010001001301476520130147652  0000000089631511  0000000000089631010201700000000001455400000 02N310520173000000000000000000000000000000000000000000000000000000000000000000000000000000000000000000000000008963000300000           
0330001300066Q 011000009793601701DARLENE DOS SANTOS NEVES                RUA IGUAIBA,55,CASA 04                  CASCADURA      21311230RIO DE JANEIRO RJ0000000000000000                                        000000000000                   
0330001300067P 010001001301476520130147652  0000000089648511  0000000000089641011201700000000001455400000 02N310520173000000000000000000000000000000000000000000000000000000000000000000000000000000000000000000000000008964000300000           
0330001300068Q 011000009793601701DARLENE DOS SANTOS NEVES                RUA IGUAIBA,55,CASA 04                  CASCADURA      21311230RIO DE JANEIRO RJ0000000000000000                                        000000000000                   
0330001300069P 010001001301476520130147652  0000000089656511  0000000000089651012201700000000001455400000 02N310520173000000000000000000000000000000000000000000000000000000000000000000000000000000000000000000000000008965000300000           
0330001300070Q 011000009793601701DARLENE DOS SANTOS NEVES                RUA IGUAIBA,55,CASA 04                  CASCADURA      21311230RIO DE JANEIRO RJ0000000000000000                                        000000000000                   
0330001300071P 010001001301476520130147652  0000000089664511  0000000000089661006201700000000006000600000 02N310520173000000000000000000000000000000000000000000000000000000000000000000000000000000000000000000000000008966000300000           
0330001300072Q 011000037218433715SANDRA DOS ANJOS COSTA                  AVENIDA MAESTRO PAUL,505,BLOCO 08 AP 205JARDIM CARIOCA 21920445RIO DE JANEIRO RJ0000000000000000                                        000000000000                   
0330001300073P 010001001301476520130147652  0000000089672511  0000000000089671007201700000000006000600000 02N310520173000000000000000000000000000000000000000000000000000000000000000000000000000000000000000000000000008967000300000           
0330001300074Q 011000037218433715SANDRA DOS ANJOS COSTA                  AVENIDA MAESTRO PAUL,505,BLOCO 08 AP 205JARDIM CARIOCA 21920445RIO DE JANEIRO RJ0000000000000000                                        000000000000                   
0330001300075P 010001001301476520130147652  0000000089681511  0000000000089681008201700000000006000600000 02N310520173000000000000000000000000000000000000000000000000000000000000000000000000000000000000000000000000008968000300000           
0330001300076Q 011000037218433715SANDRA DOS ANJOS COSTA                  AVENIDA MAESTRO PAUL,505,BLOCO 08 AP 205JARDIM CARIOCA 21920445RIO DE JANEIRO RJ0000000000000000                                        000000000000                   
0330001300077P 010001001301476520130147652  0000000089699511  0000000000089691009201700000000006000600000 02N310520173000000000000000000000000000000000000000000000000000000000000000000000000000000000000000000000000008969000300000           
0330001300078Q 011000037218433715SANDRA DOS ANJOS COSTA                  AVENIDA MAESTRO PAUL,505,BLOCO 08 AP 205JARDIM CARIOCA 21920445RIO DE JANEIRO RJ0000000000000000                                        000000000000                   
0330001300079P 010001001301476520130147652  0000000089702511  0000000000089701010201700000000006000600000 02N310520173000000000000000000000000000000000000000000000000000000000000000000000000000000000000000000000000008970000300000           
0330001300080Q 011000037218433715SANDRA DOS ANJOS COSTA                  AVENIDA MAESTRO PAUL,505,BLOCO 08 AP 205JARDIM CARIOCA 21920445RIO DE JANEIRO RJ0000000000000000                                        000000000000                   
0330001300081P 010001001301476520130147652  0000000089711511  0000000000089711011201700000000006000600000 02N310520173000000000000000000000000000000000000000000000000000000000000000000000000000000000000000000000000008971000300000           
0330001300082Q 011000037218433715SANDRA DOS ANJOS COSTA                  AVENIDA MAESTRO PAUL,505,BLOCO 08 AP 205JARDIM CARIOCA 21920445RIO DE JANEIRO RJ0000000000000000                                        000000000000                   
0330001300083P 010001001301476520130147652  0000000089729511  0000000000089721012201700000000006000600000 02N310520173000000000000000000000000000000000000000000000000000000000000000000000000000000000000000000000000008972000300000           
0330001300084Q 011000037218433715SANDRA DOS ANJOS COSTA                  AVENIDA MAESTRO PAUL,505,BLOCO 08 AP 205JARDIM CARIOCA 21920445RIO DE JANEIRO RJ0000000000000000                                        000000000000                   
0330001300085P 010001001301476520130147652  0000000089737511  0000000000089731006201700000000002458300000 02N310520173000000000000000000000000000000000000000000000000000000000000000000000000000000000000000000000000008973000300000           
0330001300086Q 011000002978648740JACQUELINE ABRIL PEGAS                  RUA EXPEDICIONARIO BENEDITO ESTEVES ,250PORTO DO ROSA  24472030SAO GONCALO    RJ0000000000000000                                        000000000000                   
0330001300087P 010001001301476520130147652  0000000089745511  0000000000089741007201700000000002458300000 02N310520173000000000000000000000000000000000000000000000000000000000000000000000000000000000000000000000000008974000300000           
0330001300088Q 011000002978648740JACQUELINE ABRIL PEGAS                  RUA EXPEDICIONARIO BENEDITO ESTEVES ,250PORTO DO ROSA  24472030SAO GONCALO    RJ0000000000000000                                        000000000000                   
0330001300089P 010001001301476520130147652  0000000089753511  0000000000089751008201700000000002458300000 02N310520173000000000000000000000000000000000000000000000000000000000000000000000000000000000000000000000000008975000300000           
0330001300090Q 011000002978648740JACQUELINE ABRIL PEGAS                  RUA EXPEDICIONARIO BENEDITO ESTEVES ,250PORTO DO ROSA  24472030SAO GONCALO    RJ0000000000000000                                        000000000000                   
0330001300091P 010001001301476520130147652  0000000089761511  0000000000089761009201700000000002458300000 02N310520173000000000000000000000000000000000000000000000000000000000000000000000000000000000000000000000000008976000300000           
0330001300092Q 011000002978648740JACQUELINE ABRIL PEGAS                  RUA EXPEDICIONARIO BENEDITO ESTEVES ,250PORTO DO ROSA  24472030SAO GONCALO    RJ0000000000000000                                        000000000000                   
0330001300093P 010001001301476520130147652  0000000089771511  0000000000089771010201700000000002458300000 02N310520173000000000000000000000000000000000000000000000000000000000000000000000000000000000000000000000000008977000300000           
0330001300094Q 011000002978648740JACQUELINE ABRIL PEGAS                  RUA EXPEDICIONARIO BENEDITO ESTEVES ,250PORTO DO ROSA  24472030SAO GONCALO    RJ0000000000000000                                        000000000000                   
0330001300095P 010001001301476520130147652  0000000089788511  0000000000089781011201700000000002458300000 02N310520173000000000000000000000000000000000000000000000000000000000000000000000000000000000000000000000000008978000300000           
0330001300096Q 011000002978648740JACQUELINE ABRIL PEGAS                  RUA EXPEDICIONARIO BENEDITO ESTEVES ,250PORTO DO ROSA  24472030SAO GONCALO    RJ0000000000000000                                        000000000000                   
0330001300097P 010001001301476520130147652  0000000089796511  0000000000089791012201700000000002458300000 02N310520173000000000000000000000000000000000000000000000000000000000000000000000000000000000000000000000000008979000300000           
0330001300098Q 011000002978648740JACQUELINE ABRIL PEGAS                  RUA EXPEDICIONARIO BENEDITO ESTEVES ,250PORTO DO ROSA  24472030SAO GONCALO    RJ0000000000000000                                        000000000000                   
0330001300099P 010001001301476520130147652  0000000089801511  0000000000089801006201700000000001288100000 02N310520173000000000000000000000000000000000000000000000000000000000000000000000000000000000000000000000000008980000300000           
0330001300100Q 011000011575340747LEONARDO DE ANDRADE FIRMINO             RUA PAULO PIR,100,AP 402 BLOCO 1 LOTE 05TOMAS COELHO   20750330RIO DE JANEIRO RJ0000000000000000                                        000000000000                   
0330001300101P 010001001301476520130147652  0000000089818511  0000000000089811007201700000000001288100000 02N310520173000000000000000000000000000000000000000000000000000000000000000000000000000000000000000000000000008981000300000           
0330001300102Q 011000011575340747LEONARDO DE ANDRADE FIRMINO             RUA PAULO PIR,100,AP 402 BLOCO 1 LOTE 05TOMAS COELHO   20750330RIO DE JANEIRO RJ0000000000000000                                        000000000000                   
0330001300103P 010001001301476520130147652  0000000089826511  0000000000089821008201700000000001288100000 02N310520173000000000000000000000000000000000000000000000000000000000000000000000000000000000000000000000000008982000300000           
0330001300104Q 011000011575340747LEONARDO DE ANDRADE FIRMINO             RUA PAULO PIR,100,AP 402 BLOCO 1 LOTE 05TOMAS COELHO   20750330RIO DE JANEIRO RJ0000000000000000                                        000000000000                   
0330001300105P 010001001301476520130147652  0000000089834511  0000000000089831009201700000000001288100000 02N310520173000000000000000000000000000000000000000000000000000000000000000000000000000000000000000000000000008983000300000           
0330001300106Q 011000011575340747LEONARDO DE ANDRADE FIRMINO             RUA PAULO PIR,100,AP 402 BLOCO 1 LOTE 05TOMAS COELHO   20750330RIO DE JANEIRO RJ0000000000000000                                        000000000000                   
0330001300107P 010001001301476520130147652  0000000089842511  0000000000089841010201700000000001288100000 02N310520173000000000000000000000000000000000000000000000000000000000000000000000000000000000000000000000000008984000300000           
0330001300108Q 011000011575340747LEONARDO DE ANDRADE FIRMINO             RUA PAULO PIR,100,AP 402 BLOCO 1 LOTE 05TOMAS COELHO   20750330RIO DE JANEIRO RJ0000000000000000                                        000000000000                   
0330001300109P 010001001301476520130147652  0000000089851511  0000000000089851011201700000000001288100000 02N310520173000000000000000000000000000000000000000000000000000000000000000000000000000000000000000000000000008985000300000           
0330001300110Q 011000011575340747LEONARDO DE ANDRADE FIRMINO             RUA PAULO PIR,100,AP 402 BLOCO 1 LOTE 05TOMAS COELHO   20750330RIO DE JANEIRO RJ0000000000000000                                        000000000000                   
0330001300111P 010001001301476520130147652  0000000089869511  0000000000089861012201700000000001288100000 02N310520173000000000000000000000000000000000000000000000000000000000000000000000000000000000000000000000000008986000300000           
0330001300112Q 011000011575340747LEONARDO DE ANDRADE FIRMINO             RUA PAULO PIR,100,AP 402 BLOCO 1 LOTE 05TOMAS COELHO   20750330RIO DE JANEIRO RJ0000000000000000                                        000000000000                   
0330001300113P 010001001301476520130147652  0000000089877511  0000000000089871006201700000000012001200000 02N310520173000000000000000000000000000000000000000000000000000000000000000000000000000000000000000000000000008987000300000           
0330001300114Q 011000036287598700ANTONIO FERREIRA DIAS                   RUA ESTER CORREIA,20,AP 208             QUINTINO BOCAIU21381440RIO DE JANEIRO RJ0000000000000000                                        000000000000                   
0330001300115P 010001001301476520130147652  0000000089885511  0000000000089881007201700000000012001200000 02N310520173000000000000000000000000000000000000000000000000000000000000000000000000000000000000000000000000008988000300000           
0330001300116Q 011000036287598700ANTONIO FERREIRA DIAS                   RUA ESTER CORREIA,20,AP 208             QUINTINO BOCAIU21381440RIO DE JANEIRO RJ0000000000000000                                        000000000000                   
0330001300117P 010001001301476520130147652  0000000089893511  0000000000089891008201700000000012001200000 02N310520173000000000000000000000000000000000000000000000000000000000000000000000000000000000000000000000000008989000300000           
0330001300118Q 011000036287598700ANTONIO FERREIRA DIAS                   RUA ESTER CORREIA,20,AP 208             QUINTINO BOCAIU21381440RIO DE JANEIRO RJ0000000000000000                                        000000000000                   
0330001300119P 010001001301476520130147652  0000000089907511  0000000000089901009201700000000012001200000 02N310520173000000000000000000000000000000000000000000000000000000000000000000000000000000000000000000000000008990000300000           
0330001300120Q 011000036287598700ANTONIO FERREIRA DIAS                   RUA ESTER CORREIA,20,AP 208             QUINTINO BOCAIU21381440RIO DE JANEIRO RJ0000000000000000                                        000000000000                   
0330001300121P 010001001301476520130147652  0000000089915511  0000000000089911010201700000000012001200000 02N310520173000000000000000000000000000000000000000000000000000000000000000000000000000000000000000000000000008991000300000           
0330001300122Q 011000036287598700ANTONIO FERREIRA DIAS                   RUA ESTER CORREIA,20,AP 208             QUINTINO BOCAIU21381440RIO DE JANEIRO RJ0000000000000000                                        000000000000                   
0330001300123P 010001001301476520130147652  0000000089923511  0000000000089921011201700000000012001200000 02N310520173000000000000000000000000000000000000000000000000000000000000000000000000000000000000000000000000008992000300000           
0330001300124Q 011000036287598700ANTONIO FERREIRA DIAS                   RUA ESTER CORREIA,20,AP 208             QUINTINO BOCAIU21381440RIO DE JANEIRO RJ0000000000000000                                        000000000000                   
0330001300125P 010001001301476520130147652  0000000089931511  0000000000089931012201700000000012001200000 02N310520173000000000000000000000000000000000000000000000000000000000000000000000000000000000000000000000000008993000300000           
0330001300126Q 011000036287598700ANTONIO FERREIRA DIAS                   RUA ESTER CORREIA,20,AP 208             QUINTINO BOCAIU21381440RIO DE JANEIRO RJ0000000000000000                                        000000000000                   
0330001300127P 010001001301476520130147652  0000000089941511  0000000000089940706201700000000001865600000 02N310520173000000000000000000000000000000000000000000000000000000000000000000000000000000000000000000000000008994000300000           
0330001300128Q 011000000477631240ELIZABETH ALMEIDA AMORAS                RUA NASCIMENTO GURGEL,9,APT 301         OSWALDO CRUZ   21340390RIO DE JANEIRO RJ0000000000000000                                        000000000000                   
0330001300129P 010001001301476520130147652  0000000089958511  0000000000089950706201700000000011615900000 02N310520173000000000000000000000000000000000000000000000000000000000000000000000000000000000000000000000000008995000300000           
0330001300130Q 011000038574578720FRANCISCO SOUZA CARNEIRO PINTO          RUA RAINHA DA ENGENHO,316,CASA 37       INHAUMA        20765040RIO DE JANEIRO RJ0000000000000000                                        000000000000                   
0330001300131P 010001001301476520130147652  0000000089966511  0000000000089960706201700000000001468500000 02N310520173000000000000000000000000000000000000000000000000000000000000000000000000000000000000000000000000008996000300000           
0330001300132Q 011000019948568745MURILO DAMAS POUZA MATEUS               RUA CARUMBE,246,C/ 17                   REALENGO       21755140RIO DE JANEIRO RJ0000000000000000                                        000000000000                   
03300015         000134                                                                                                                                                                                                                         
03399999         000001000136                                                                                                                                                                                                                   