03300000        2049938327000106000100001201344                         UBRASP - UNIAO BRASILEIRA     Banco Santander                         119012017      000059040                                                                          
03300011R01  030 2049938327000106                    000100001201344     UBRASP - UNIAO BRASILEIRA                                                                                     0000000119012017                                         
0330001300001P 010001001301476520130147652  0000000048151511  0000000000048151003201700000000006604100000 02N190120173000000000000000000000000000000000000000000000000000000000000000000000000000000000000000000000000004815000300000           
0330001300002Q 011000038909634715ATANIZIA CARDOSO BISPO                  RUA DO RESENDE,113,CASA 40 AP 201       CENTRO         20231091RIO DE JANEIRO RJ0000000000000000                                        000000000000                   
0330001300003P 010001001301476520130147652  0000000048161511  0000000000048161003201700000000001631600000 02N190120173000000000000000000000000000000000000000000000000000000000000000000000000000000000000000000000000004816000300000           
0330001300004Q 011000019464631759PATRICIA MORAES DA COSTA                RUA HENRIQUE FLEIUSS,477,B CASA 07      TIJUCA         20521260RIO DE JANEIRO RJ0000000000000000                                        000000000000                   
0330001300005P 010001001301476520130147652  0000000048178511  0000000000048171003201700000000002705700000 02N190120173000000000000000000000000000000000000000000000000000000000000000000000000000000000000000000000000004817000300000           
0330001300006Q 011000046931031368MARIA DE FATIMA DE SOUSA                RUA EUCLIDES DA ROCHA,673,AP 101        COPACABANA     22031100RIO DE JANEIRO RJ0000000000000000                                        000000000000                   
0330001300007P 010001001301476520130147652  0000000048186511  0000000000048181003201700000000005738400000 02N190120173000000000000000000000000000000000000000000000000000000000000000000000000000000000000000000000000004818000300000           
0330001300008Q 011000053551842787SELMA COUTINHO RIBEIRO                  AVENIDA PRESIDENTE VARGAS,542,SALA 506  CENTRO?        20071901RIO DE JANEIRO RJ0000000000000000                                        000000000000                   
0330001300009P 010001001301476520130147652  0000000048194511  0000000000048191003201700000000006604100000 02N190120173000000000000000000000000000000000000000000000000000000000000000000000000000000000000000000000000004819000300000           
0330001300010Q 011000038665484787CRISTINA MARIA FERREIRA BASTOS          RUA GODOFREDO VIANA,125,BLOCO 01 AP 304 TAQUARA        22730020RIO DE JANEIRO RJ0000000000000000                                        000000000000                   
0330001300011P 010001001301476520130147652  0000000048208511  0000000000048201003201700000000001391800000 02N190120173000000000000000000000000000000000000000000000000000000000000000000000000000000000000000000000000004820000300000           
0330001300012Q 011000029437932808SHIRLEIDE BATISTA MENDES                RUA DO BISPO,94,BLOCO 02 AP 1207        RIO COMPRIDO   20261064RIO DE JANEIRO RJ0000000000000000                                        000000000000                   
0330001300013P 010001001301476520130147652  0000000048216511  0000000000048211003201700000000009755800000 02N190120173000000000000000000000000000000000000000000000000000000000000000000000000000000000000000000000000004821000300000           
0330001300014Q 011000056424043772RAIMUNDO DIAS FARIAS                    RUA DOIS,00,LOTE 12 QUADRA B            TAQUARA        25272090DUQUE DE CAXIASRJ0000000000000000                                        000000000000                   
0330001300015P 010001001301476520130147652  0000000048224511  0000000000048221003201700000000001613700000 02N190120173000000000000000000000000000000000000000000000000000000000000000000000000000000000000000000000000004822000300000           
0330001300016Q 011000014414954797FABIANO CHAGAS CORDEIRO                 RUA AROAZES,195,AP  906                 JACAREPAGUA    22775060RIO DE JANEIRO RJ0000000000000000                                        000000000000                   
0330001300017P 010001001301476520130147652  0000000048232511  0000000000048231003201700000000002093700000 02N190120173000000000000000000000000000000000000000000000000000000000000000000000000000000000000000000000000004823000300000           
0330001300018Q 011000010845469738FILIPE OLIVEIRA DOS REIS                RUA FRANCISCO SA,88,AP 314              COPACABANA     22080010RIO DE JANEIRO RJ0000000000000000                                        000000000000                   
0330001300019P 010001001301476520130147652  0000000048241511  0000000000048241003201700000000003609000000 02N190120173000000000000000000000000000000000000000000000000000000000000000000000000000000000000000000000000004824000300000           
0330001300020Q 011000066292794768ROBSON FERREIRA CAMPOS                  RUA DO COUTO,29,BLOCO 1 AP 214          PENHA          21020410RIO DE JANEIRO RJ0000000000000000                                        000000000000                   
0330001300021P 010001001301476520130147652  0000000048259511  0000000000048251003201700000000005738400000 02N190120173000000000000000000000000000000000000000000000000000000000000000000000000000000000000000000000000004825000300000           
0330001300022Q 011000060855363720GILDETE NEVES TRAVASSOS                 RUA JESSE,154                           CIDADE DE DEUS 22773350RIO DE JANEIRO RJ0000000000000000                                        000000000000                   
0330001300023P 010001001301476520130147652  0000000048267511  0000000000048261003201700000000003702300000 02N190120173000000000000000000000000000000000000000000000000000000000000000000000000000000000000000000000000004826000300000           
0330001300024Q 011000091287502768RODOLFO JOSE DE ALMEIDA CASTELLO BRANCO AVENIDA JULIO FURTADO,111,AP 202        GRAJAU         20561010RIO DE JANEIRO RJ0000000000000000                                        000000000000                   
0330001300025P 010001001301476520130147652  0000000048275511  0000000000048271003201700000000003219800000 02N190120173000000000000000000000000000000000000000000000000000000000000000000000000000000000000000000000000004827000300000           
0330001300026Q 011000000350599742ANA CLAUDIA VIEIRA PEREIRA CAMPOS       RUA DO COUTO,29,BLOCO 01 AP 214         PENHA          21020410RIO DE JANEIRO RJ0000000000000000                                        000000000000                   
0330001300027P 010001001301476520130147652  0000000048283511  0000000000048281003201700000000009755800000 02N190120173000000000000000000000000000000000000000000000000000000000000000000000000000000000000000000000000004828000300000           
0330001300028Q 011000011686448791PEDRO DA COSTA SANTOS                   RUA JACINTO RABELO,553,CASA             CHACARA FLORA  25635470PETROPOLIS     RJ0000000000000000                                        000000000000                   
0330001300029P 010001001301476520130147652  0000000048291511  0000000000048291003201700000000001104600000 02N190120173000000000000000000000000000000000000000000000000000000000000000000000000000000000000000000000000004829000300000           
0330001300030Q 011000016577824762DAVI LUCCA HERMENEGILDO CHAGAS DE SOUZA AVENIDA PERNAMBUCANA,1119,CASA          VILA ROSALI    25510430SAO JOAO DE MERRJ0000000000000000                                        000000000000                   
0330001300031P 010001001301476520130147652  0000000048305511  0000000000048301003201700000000002209200000 02N190120173000000000000000000000000000000000000000000000000000000000000000000000000000000000000000000000000004830000300000           
0330001300032Q 011000019495526752SARAH REGINA ALVES DA SILVA             RUA CONEGO BOUCHER PINTO,58,CASA        HONORIO GURGEL 21511290RIO DE JANEIRO RJ0000000000000000                                        000000000000                   
0330001300033P 010001001301476520130147652  0000000048313511  0000000000048311003201700000000002705700000 02N190120173000000000000000000000000000000000000000000000000000000000000000000000000000000000000000000000000004831000300000           
0330001300034Q 011000001188959743ANDREA CRUZ OLIVEIRA                    ESTRADA DO QUITUNGO,660,CASA 03         BRAS DE PINA   21215563RIO DE JANEIRO RJ0000000000000000                                        000000000000                   
0330001300035P 010001001301476520130147652  0000000048321511  0000000000048321003201700000000001104600000 02N190120173000000000000000000000000000000000000000000000000000000000000000000000000000000000000000000000000004832000300000           
0330001300036Q 011000018260883775ISAAC RODRIGUES OLIVEIRA                RUA MARECHAL MARCIANO,1794,CASA         REALENGO       21721011RIO DE JANEIRO RJ0000000000000000                                        000000000000                   
0330001300037P 010001001301476520130147652  0000000048331511  0000000000048331003201700000000002705700000 02N190120173000000000000000000000000000000000000000000000000000000000000000000000000000000000000000000000000004833000300000           
0330001300038Q 011000001855695790ANA PAULA RODRIGUES LOPES OLIVEIRA      RUA MARECHAL MARCIANO,1794,CASA         REALENGO       21721011RIO DE JANEIRO RJ0000000000000000                                        000000000000                   
0330001300039P 010001001301476520130147652  0000000048348511  0000000000048341003201700000000002705700000 02N190120173000000000000000000000000000000000000000000000000000000000000000000000000000000000000000000000000004834000300000           
0330001300040Q 011000001160717702MARIA JOSE DIONIZIO DA SILVA            AVENIDA CIDADE DE DE,26,CASA 12 QUADRA 5CIDADE DE DEUS 22773200RIO DE JANEIRO RJ0000000000000000                                        000000000000                   
0330001300041P 010001001301476520130147652  0000000048356511  0000000000048351003201700000000006604100000 02N190120173000000000000000000000000000000000000000000000000000000000000000000000000000000000000000000000000004835000300000           
0330001300042Q 011000077101049753VILMA FELIX DA SILVA                    RUA ANA ALVES,64,CASA                   PARQUE SAO NICO25530150SAO JOAO DE MERRJ0000000000000000                                        000000000000                   
0330001300043P 010001001301476520130147652  0000000048364511  0000000000048361003201700000000001841800000 02N190120173000000000000000000000000000000000000000000000000000000000000000000000000000000000000000000000000004836000300000           
0330001300044Q 011000010436518708GLAUCIA SILVA SOARES                    RUA YONE ENNES,36,CASA                  JARDIM MONTE CA26041690NOVA IGUACU    RJ0000000000000000                                        000000000000                   
0330001300045P 010001001301476520130147652  0000000048372511  0000000000048371003201700000000001417400000 02N190120173000000000000000000000000000000000000000000000000000000000000000000000000000000000000000000000000004837000300000           
0330001300046Q 011000010318946750LUANNA KARINA DA SILVA                  RUA VAZ LOBO,579                        VAZ LOBO       21361030RIO DE JANEIRO RJ0000000000000000                                        000000000000                   
03300015         000048                                                                                                                                                                                                                         
03399999         000001000050                                                                                                                                                                                                                   