03300000        2049938327000106000100001201344                         UBRASP - UNIAO BRASILEIRA     Banco Santander                         125052017      000089040                                                                          
03300011R01  030 2049938327000106                    000100001201344     UBRASP - UNIAO BRASILEIRA                                                                                     0000000125052017                                         
0330001300001P 010001001301476520130147652  0000000087696511  0000000000087690106201700000000001776700000 02N250520173000000000000000000000000000000000000000000000000000000000000000000000000000000000000000000000000008769000300000           
0330001300002Q 011000016353076789THAYANE SILVA DE AVELLAR BARBOSA        RUA SOLDADO IVO DE OLI,176,BL F - APT212VILA KOSMOS    21210010RIO DE JANEIRO RJ0000000000000000                                        000000000000                   
0330001300003P 010001001301476520130147652  0000000087701511  0000000000087700106201700000000002523700000 02N250520173000000000000000000000000000000000000000000000000000000000000000000000000000000000000000000000000008770000300000           
0330001300004Q 011000003333932792SERGIO VICENTE GUIMARAES                ALAMEDA ANCHIETA,11,C/03                CHACARAS RIO-PE25215210DUQUE DE CAXIASRJ0000000000000000                                        000000000000                   
03300015         000006                                                                                                                                                                                                                         
03399999         000001000008                                                                                                                                                                                                                   