03300000        2049938327000106000100001201344                         UBRASP - UNIAO BRASILEIRA     Banco Santander                         102062017      000094040                                                                          
03300011R01  030 2049938327000106                    000100001201344     UBRASP - UNIAO BRASILEIRA                                                                                     0000000102062017                                         
0330001300001P 010001001301476520130147652  0000000090018511  0000000000090012006201700000000001776700000 02N020620173000000000000000000000000000000000000000000000000000000000000000000000000000000000000000000000000009001000300000           
0330001300002Q 011000016790352740MAURICIO SANTOS MARS CARNEIRO           RUA PARACAIMA,105,CA4 - AP201           PECHINCHA      22743290RIO DE JANEIRO RJ0000000000000000                                        000000000000                   
0330001300003P 010001001301476520130147652  0000000090026511  0000000000090022007201700000000001776700000 02N020620173000000000000000000000000000000000000000000000000000000000000000000000000000000000000000000000000009002000300000           
0330001300004Q 011000016790352740MAURICIO SANTOS MARS CARNEIRO           RUA PARACAIMA,105,CA4 - AP201           PECHINCHA      22743290RIO DE JANEIRO RJ0000000000000000                                        000000000000                   
0330001300005P 010001001301476520130147652  0000000090034511  0000000000090032008201700000000001776700000 02N020620173000000000000000000000000000000000000000000000000000000000000000000000000000000000000000000000000009003000300000           
0330001300006Q 011000016790352740MAURICIO SANTOS MARS CARNEIRO           RUA PARACAIMA,105,CA4 - AP201           PECHINCHA      22743290RIO DE JANEIRO RJ0000000000000000                                        000000000000                   
0330001300007P 010001001301476520130147652  0000000090042511  0000000000090042009201700000000001776700000 02N020620173000000000000000000000000000000000000000000000000000000000000000000000000000000000000000000000000009004000300000           
0330001300008Q 011000016790352740MAURICIO SANTOS MARS CARNEIRO           RUA PARACAIMA,105,CA4 - AP201           PECHINCHA      22743290RIO DE JANEIRO RJ0000000000000000                                        000000000000                   
0330001300009P 010001001301476520130147652  0000000090051511  0000000000090052010201700000000001776700000 02N020620173000000000000000000000000000000000000000000000000000000000000000000000000000000000000000000000000009005000300000           
0330001300010Q 011000016790352740MAURICIO SANTOS MARS CARNEIRO           RUA PARACAIMA,105,CA4 - AP201           PECHINCHA      22743290RIO DE JANEIRO RJ0000000000000000                                        000000000000                   
0330001300011P 010001001301476520130147652  0000000090069511  0000000000090062011201700000000001776700000 02N020620173000000000000000000000000000000000000000000000000000000000000000000000000000000000000000000000000009006000300000           
0330001300012Q 011000016790352740MAURICIO SANTOS MARS CARNEIRO           RUA PARACAIMA,105,CA4 - AP201           PECHINCHA      22743290RIO DE JANEIRO RJ0000000000000000                                        000000000000                   
0330001300013P 010001001301476520130147652  0000000090077511  0000000000090072006201700000000001468500000 02N020620173000000000000000000000000000000000000000000000000000000000000000000000000000000000000000000000000009007000300000           
0330001300014Q 011000000000000000RAFAELA DOS SANTOS DA MATA              TRAVESSA MATARIPE,70                    NEVES          24425260SAO GONCALO    RJ0000000000000000                                        000000000000                   
0330001300015P 010001001301476520130147652  0000000090085511  0000000000090082007201700000000001468500000 02N020620173000000000000000000000000000000000000000000000000000000000000000000000000000000000000000000000000009008000300000           
0330001300016Q 011000000000000000RAFAELA DOS SANTOS DA MATA              TRAVESSA MATARIPE,70                    NEVES          24425260SAO GONCALO    RJ0000000000000000                                        000000000000                   
0330001300017P 010001001301476520130147652  0000000090093511  0000000000090092008201700000000001468500000 02N020620173000000000000000000000000000000000000000000000000000000000000000000000000000000000000000000000000009009000300000           
0330001300018Q 011000000000000000RAFAELA DOS SANTOS DA MATA              TRAVESSA MATARIPE,70                    NEVES          24425260SAO GONCALO    RJ0000000000000000                                        000000000000                   
0330001300019P 010001001301476520130147652  0000000090107511  0000000000090102009201700000000001468500000 02N020620173000000000000000000000000000000000000000000000000000000000000000000000000000000000000000000000000009010000300000           
0330001300020Q 011000000000000000RAFAELA DOS SANTOS DA MATA              TRAVESSA MATARIPE,70                    NEVES          24425260SAO GONCALO    RJ0000000000000000                                        000000000000                   
0330001300021P 010001001301476520130147652  0000000090115511  0000000000090112010201700000000001468500000 02N020620173000000000000000000000000000000000000000000000000000000000000000000000000000000000000000000000000009011000300000           
0330001300022Q 011000000000000000RAFAELA DOS SANTOS DA MATA              TRAVESSA MATARIPE,70                    NEVES          24425260SAO GONCALO    RJ0000000000000000                                        000000000000                   
0330001300023P 010001001301476520130147652  0000000090123511  0000000000090122011201700000000001468500000 02N020620173000000000000000000000000000000000000000000000000000000000000000000000000000000000000000000000000009012000300000           
0330001300024Q 011000000000000000RAFAELA DOS SANTOS DA MATA              TRAVESSA MATARIPE,70                    NEVES          24425260SAO GONCALO    RJ0000000000000000                                        000000000000                   
03300015         000026                                                                                                                                                                                                                         
03399999         000001000028                                                                                                                                                                                                                   