03300000        2049938327000106000100001201344                         UBRASP - UNIAO BRASILEIRA     Banco Santander                         131012017      000062040                                                                          
03300011R01  030 2049938327000106                    000100001201344     UBRASP - UNIAO BRASILEIRA                                                                                     0000000131012017                                         
0330001300001P 010001001301476520130147652  0000000048895511  0000000000048891002201700000000003609000000 02N310120173000000000000000000000000000000000000000000000000000000000000000000000000000000000000000000000000004889000300000           
0330001300002Q 011000071387366734BERNADETE CRISPIM DA SILVA              RUA WERNECK - DE 206/207 A 13,939,AP 202FREGUESIA (JACA22763197RIO DE JANEIRO RJ0000000000000000                                        000000000000                   
0330001300003P 010001001301476520130147652  0000000048909511  0000000000048901003201700000000003609000000 02N310120173000000000000000000000000000000000000000000000000000000000000000000000000000000000000000000000000004890000300000           
0330001300004Q 011000071387366734BERNADETE CRISPIM DA SILVA              RUA WERNECK - DE 206/207 A 13,939,AP 202FREGUESIA (JACA22763197RIO DE JANEIRO RJ0000000000000000                                        000000000000                   
0330001300005P 010001001301476520130147652  0000000048917511  0000000000048911002201700000000002092100000 02N310120173000000000000000000000000000000000000000000000000000000000000000000000000000000000000000000000000004891000300000           
0330001300006Q 011000005693054705LUIZA DA SILVA RASO                     RUA MAUES,199,AP 201                    BRAS DE PINA   21235650RIO DE JANEIRO RJ0000000000000000                                        000000000000                   
0330001300007P 010001001301476520130147652  0000000048925511  0000000000048921003201700000000002092100000 02N310120173000000000000000000000000000000000000000000000000000000000000000000000000000000000000000000000000004892000300000           
0330001300008Q 011000005693054705LUIZA DA SILVA RASO                     RUA MAUES,199,AP 201                    BRAS DE PINA   21235650RIO DE JANEIRO RJ0000000000000000                                        000000000000                   
0330001300009P 010001001301476520130147652  0000000048933511  0000000000048931002201700000000002378300000 02N310120173000000000000000000000000000000000000000000000000000000000000000000000000000000000000000000000000004893000300000           
0330001300010Q 011000007496326402VAGNA QUIRINO SILVA                     RUA MARQUES DE OLINDA,61,BLOCO 01 AP 804BOTAFOGO       22251040RIO DE JANEIRO RJ0000000000000000                                        000000000000                   
0330001300011P 010001001301476520130147652  0000000048941511  0000000000048941003201700000000002378300000 02N310120173000000000000000000000000000000000000000000000000000000000000000000000000000000000000000000000000004894000300000           
0330001300012Q 011000007496326402VAGNA QUIRINO SILVA                     RUA MARQUES DE OLINDA,61,BLOCO 01 AP 804BOTAFOGO       22251040RIO DE JANEIRO RJ0000000000000000                                        000000000000                   
03300015         000014                                                                                                                                                                                                                         
03399999         000001000016                                                                                                                                                                                                                   