03300000        2049938327000106000100001201344                         UBRASP - UNIAO BRASILEIRA     Banco Santander                         107082017      000109040                                                                          
03300011R01  030 2049938327000106                    000100001201344     UBRASP - UNIAO BRASILEIRA                                                                                     0000000107082017                                         
0330001300001P 010001001301476520130147652  0000000097292511  0000000000097292008201700000000005413000000 02N070820173000000000000000000000000000000000000000000000000000000000000000000000000000000000000000000000000009729000300000           
0330001300002Q 011000006933396754CINTHYA MORAES DA SILVA                 RUA FLORIANOPOLIS,1122,CASA 05 AP 102   PRACA SECA     21321050RIO DE JANEIRO RJ0000000000000000                                        000000000000                   
0330001300003P 010001001301476520130147652  0000000097306511  0000000000097302009201700000000005413000000 02N070820173000000000000000000000000000000000000000000000000000000000000000000000000000000000000000000000000009730000300000           
0330001300004Q 011000006933396754CINTHYA MORAES DA SILVA                 RUA FLORIANOPOLIS,1122,CASA 05 AP 102   PRACA SECA     21321050RIO DE JANEIRO RJ0000000000000000                                        000000000000                   
0330001300005P 010001001301476520130147652  0000000097314511  0000000000097312010201700000000005808500000 02N070820173000000000000000000000000000000000000000000000000000000000000000000000000000000000000000000000000009731000300000           
0330001300006Q 011000006933396754CINTHYA MORAES DA SILVA                 RUA FLORIANOPOLIS,1122,CASA 05 AP 102   PRACA SECA     21321050RIO DE JANEIRO RJ0000000000000000                                        000000000000                   
0330001300007P 010001001301476520130147652  0000000097322511  0000000000097322011201700000000005808500000 02N070820173000000000000000000000000000000000000000000000000000000000000000000000000000000000000000000000000009732000300000           
0330001300008Q 011000006933396754CINTHYA MORAES DA SILVA                 RUA FLORIANOPOLIS,1122,CASA 05 AP 102   PRACA SECA     21321050RIO DE JANEIRO RJ0000000000000000                                        000000000000                   
0330001300009P 010001001301476520130147652  0000000097331511  0000000000097332008201700000000001687700000 02N070820173000000000000000000000000000000000000000000000000000000000000000000000000000000000000000000000000009733000300000           
0330001300010Q 011000014907727747ANDREI DOS SANTOS PONTES                PRACA LEONI RAMOS,01                    SAO DOMINGOS   24210205NITEROI        RJ0000000000000000                                        000000000000                   
0330001300011P 010001001301476520130147652  0000000097349511  0000000000097342009201700000000001687700000 02N070820173000000000000000000000000000000000000000000000000000000000000000000000000000000000000000000000000009734000300000           
0330001300012Q 011000014907727747ANDREI DOS SANTOS PONTES                PRACA LEONI RAMOS,01                    SAO DOMINGOS   24210205NITEROI        RJ0000000000000000                                        000000000000                   
0330001300013P 010001001301476520130147652  0000000097357511  0000000000097352010201700000000001687700000 02N070820173000000000000000000000000000000000000000000000000000000000000000000000000000000000000000000000000009735000300000           
0330001300014Q 011000014907727747ANDREI DOS SANTOS PONTES                PRACA LEONI RAMOS,01                    SAO DOMINGOS   24210205NITEROI        RJ0000000000000000                                        000000000000                   
0330001300015P 010001001301476520130147652  0000000097365511  0000000000097362011201700000000001687700000 02N070820173000000000000000000000000000000000000000000000000000000000000000000000000000000000000000000000000009736000300000           
0330001300016Q 011000014907727747ANDREI DOS SANTOS PONTES                PRACA LEONI RAMOS,01                    SAO DOMINGOS   24210205NITEROI        RJ0000000000000000                                        000000000000                   
0330001300017P 010001001301476520130147652  0000000097373511  0000000000097372008201700000000003417100000 02N070820173000000000000000000000000000000000000000000000000000000000000000000000000000000000000000000000000009737000300000           
0330001300018Q 011000005305849721ADELINA CONCEICAO DOS SANTOS            RUA JACKS MARITAIN,32,FU                PENHA          21072150RIO DE JANEIRO RJ0000000000000000                                        000000000000                   
0330001300019P 010001001301476520130147652  0000000097381511  0000000000097382009201700000000003417100000 02N070820173000000000000000000000000000000000000000000000000000000000000000000000000000000000000000000000000009738000300000           
0330001300020Q 011000005305849721ADELINA CONCEICAO DOS SANTOS            RUA JACKS MARITAIN,32,FU                PENHA          21072150RIO DE JANEIRO RJ0000000000000000                                        000000000000                   
0330001300021P 010001001301476520130147652  0000000097391511  0000000000097392010201700000000003417100000 02N070820173000000000000000000000000000000000000000000000000000000000000000000000000000000000000000000000000009739000300000           
0330001300022Q 011000005305849721ADELINA CONCEICAO DOS SANTOS            RUA JACKS MARITAIN,32,FU                PENHA          21072150RIO DE JANEIRO RJ0000000000000000                                        000000000000                   
0330001300023P 010001001301476520130147652  0000000097403511  0000000000097402011201700000000003417100000 02N070820173000000000000000000000000000000000000000000000000000000000000000000000000000000000000000000000000009740000300000           
0330001300024Q 011000005305849721ADELINA CONCEICAO DOS SANTOS            RUA JACKS MARITAIN,32,FU                PENHA          21072150RIO DE JANEIRO RJ0000000000000000                                        000000000000                   
0330001300025P 010001001301476520130147652  0000000097411511  0000000000097412008201700000000001605100000 02N070820173000000000000000000000000000000000000000000000000000000000000000000000000000000000000000000000000009741000300000           
0330001300026Q 011000020086365770MILENA GOMES DE AZEVEDO                 RUA DONA CAMILA,35                      SAO CRISTOVAO  20921250RIO DE JANEIRO RJ0000000000000000                                        000000000000                   
0330001300027P 010001001301476520130147652  0000000097421511  0000000000097422009201700000000001605100000 02N070820173000000000000000000000000000000000000000000000000000000000000000000000000000000000000000000000000009742000300000           
0330001300028Q 011000020086365770MILENA GOMES DE AZEVEDO                 RUA DONA CAMILA,35                      SAO CRISTOVAO  20921250RIO DE JANEIRO RJ0000000000000000                                        000000000000                   
0330001300029P 010001001301476520130147652  0000000097438511  0000000000097432010201700000000001605100000 02N070820173000000000000000000000000000000000000000000000000000000000000000000000000000000000000000000000000009743000300000           
0330001300030Q 011000020086365770MILENA GOMES DE AZEVEDO                 RUA DONA CAMILA,35                      SAO CRISTOVAO  20921250RIO DE JANEIRO RJ0000000000000000                                        000000000000                   
0330001300031P 010001001301476520130147652  0000000097446511  0000000000097442011201700000000001605100000 02N070820173000000000000000000000000000000000000000000000000000000000000000000000000000000000000000000000000009744000300000           
0330001300032Q 011000020086365770MILENA GOMES DE AZEVEDO                 RUA DONA CAMILA,35                      SAO CRISTOVAO  20921250RIO DE JANEIRO RJ0000000000000000                                        000000000000                   
03300015         000034                                                                                                                                                                                                                         
03399999         000001000036                                                                                                                                                                                                                   