03300000        2049938327000106000100001201344                         UBRASP - UNIAO BRASILEIRA     Banco Santander                         102062017      000095040                                                                          
03300011R01  030 2049938327000106                    000100001201344     UBRASP - UNIAO BRASILEIRA                                                                                     0000000102062017                                         
0330001300001P 010001001301476520130147652  0000000090131511  0000000000090132012201700000000001776700000 02N020620173000000000000000000000000000000000000000000000000000000000000000000000000000000000000000000000000009013000300000           
0330001300002Q 011000016790352740MAURICIO SANTOS MARS CARNEIRO           RUA PARACAIMA,105,CA4 - AP201           PECHINCHA      22743290RIO DE JANEIRO RJ0000000000000000                                        000000000000                   
0330001300003P 010001001301476520130147652  0000000090141511  0000000000090142012201700000000001468500000 02N020620173000000000000000000000000000000000000000000000000000000000000000000000000000000000000000000000000009014000300000           
0330001300004Q 011000000000000000RAFAELA DOS SANTOS DA MATA              TRAVESSA MATARIPE,70                    NEVES          24425260SAO GONCALO    RJ0000000000000000                                        000000000000                   
03300015         000006                                                                                                                                                                                                                         
03399999         000001000008                                                                                                                                                                                                                   