03300000        2049938327000106000100001201344                         UBRASP - UNIAO BRASILEIRA     Banco Santander                         131012017      000063040                                                                          
03300011R01  030 2049938327000106                    000100001201344     UBRASP - UNIAO BRASILEIRA                                                                                     0000000131012017                                         
0330001300001P 010001001301476520130147652  0000000048984511  0000000000048980702201700000000002705700000 02N310120173000000000000000000000000000000000000000000000000000000000000000000000000000000000000000000000000004898000300000           
0330001300002Q 011000091061008720VANUZA DA SILVA GUIMARAES               RUA DONA EUGENIA,17,CASA 03             ENGENHO DE DENT20755300RIO DE JANEIRO RJ0000000000000000                                        000000000000                   
0330001300003P 010001001301476520130147652  0000000048951511  0000000000048950702201700000000004776000000 02N310120173000000000000000000000000000000000000000000000000000000000000000000000000000000000000000000000000004895000300000           
0330001300004Q 011000053591160725MARIA LUCIA RIBEIRO                     RUA CAMPO GRANDE,2104,BLOCO 07 AP 507   CAMPO GRANDE   23070000RIO DE JANEIRO RJ0000000000000000                                        000000000000                   
0330001300005P 010001001301476520130147652  0000000048968511  0000000000048960702201700000000005738400000 02N310120173000000000000000000000000000000000000000000000000000000000000000000000000000000000000000000000000004896000300000           
0330001300006Q 011000007540169788MARIA DO SOCORRO DA SILVA PEREN         RUA PRESIDENTE JUSC,00,LOTE 15 QUADRA L PARQUE ESPERANC26173515BELFORD ROXO   RJ0000000000000000                                        000000000000                   
0330001300007P 010001001301476520130147652  0000000048976511  0000000000048970702201700000000001219600000 02N310120173000000000000000000000000000000000000000000000000000000000000000000000000000000000000000000000000004897000300000           
0330001300008Q 011000013504571756JONATHAN LUIZ PEREIRA DE SOUZA          RUA DARCI VARGAS,374,CASA 03            CENTRO         25510400SAO JOAO DE MERRJ0000000000000000                                        000000000000                   
0330001300009P 010001001301476520130147652  0000000048992511  0000000000048991002201700000000003609000000 02N310120173000000000000000000000000000000000000000000000000000000000000000000000000000000000000000000000000004899000300000           
0330001300010Q 011000071387366734BERNADETE CRISPIM DA SILVA              RUA WERNECK - DE 206/207 A 13,939,AP 202FREGUESIA (JACA22763197RIO DE JANEIRO RJ0000000000000000                                        000000000000                   
0330001300011P 010001001301476520130147652  0000000049001511  0000000000049001003201700000000003609000000 02N310120173000000000000000000000000000000000000000000000000000000000000000000000000000000000000000000000000004900000300000           
0330001300012Q 011000071387366734BERNADETE CRISPIM DA SILVA              RUA WERNECK - DE 206/207 A 13,939,AP 202FREGUESIA (JACA22763197RIO DE JANEIRO RJ0000000000000000                                        000000000000                   
0330001300013P 010001001301476520130147652  0000000049018511  0000000000049011002201700000000002092100000 02N310120173000000000000000000000000000000000000000000000000000000000000000000000000000000000000000000000000004901000300000           
0330001300014Q 011000005693054705LUIZA DA SILVA RASO                     RUA MAUES,199,AP 201                    BRAS DE PINA   21235650RIO DE JANEIRO RJ0000000000000000                                        000000000000                   
0330001300015P 010001001301476520130147652  0000000049026511  0000000000049021003201700000000002092100000 02N310120173000000000000000000000000000000000000000000000000000000000000000000000000000000000000000000000000004902000300000           
0330001300016Q 011000005693054705LUIZA DA SILVA RASO                     RUA MAUES,199,AP 201                    BRAS DE PINA   21235650RIO DE JANEIRO RJ0000000000000000                                        000000000000                   
0330001300017P 010001001301476520130147652  0000000049034511  0000000000049031002201700000000002378300000 02N310120173000000000000000000000000000000000000000000000000000000000000000000000000000000000000000000000000004903000300000           
0330001300018Q 011000007496326402VAGNA QUIRINO SILVA                     RUA MARQUES DE OLINDA,61,BLOCO 01 AP 804BOTAFOGO       22251040RIO DE JANEIRO RJ0000000000000000                                        000000000000                   
0330001300019P 010001001301476520130147652  0000000049042511  0000000000049041003201700000000002378300000 02N310120173000000000000000000000000000000000000000000000000000000000000000000000000000000000000000000000000004904000300000           
0330001300020Q 011000007496326402VAGNA QUIRINO SILVA                     RUA MARQUES DE OLINDA,61,BLOCO 01 AP 804BOTAFOGO       22251040RIO DE JANEIRO RJ0000000000000000                                        000000000000                   
03300015         000022                                                                                                                                                                                                                         
03399999         000001000024                                                                                                                                                                                                                   