03300000        2049938327000106000100001201344                         UBRASP - UNIAO BRASILEIRA     Banco Santander                         123062017      000100040                                                                          
03300011R01  030 2049938327000106                    000100001201344     UBRASP - UNIAO BRASILEIRA                                                                                     0000000123062017                                         
0330001300001P 010001001301476520130147652  0000000092274511  0000000000092271008201700000000001689700000 02N230620173000000000000000000000000000000000000000000000000000000000000000000000000000000000000000000000000009227000300000           
0330001300002Q 011000017322451775ANA LUIZA ALVES DE ALMEIDA              RUA HANNIBAL PORTO,501,BL 21 AP 302     IRAJA          21230330RIO DE JANEIRO RJ0000000000000000                                        000000000000                   
0330001300003P 010001001301476520130147652  0000000092282511  0000000000092281009201700000000001689700000 02N230620173000000000000000000000000000000000000000000000000000000000000000000000000000000000000000000000000009228000300000           
0330001300004Q 011000017322451775ANA LUIZA ALVES DE ALMEIDA              RUA HANNIBAL PORTO,501,BL 21 AP 302     IRAJA          21230330RIO DE JANEIRO RJ0000000000000000                                        000000000000                   
0330001300005P 010001001301476520130147652  0000000092291511  0000000000092291010201700000000001689700000 02N230620173000000000000000000000000000000000000000000000000000000000000000000000000000000000000000000000000009229000300000           
0330001300006Q 011000017322451775ANA LUIZA ALVES DE ALMEIDA              RUA HANNIBAL PORTO,501,BL 21 AP 302     IRAJA          21230330RIO DE JANEIRO RJ0000000000000000                                        000000000000                   
0330001300007P 010001001301476520130147652  0000000092304511  0000000000092301011201700000000001689700000 02N230620173000000000000000000000000000000000000000000000000000000000000000000000000000000000000000000000000009230000300000           
0330001300008Q 011000017322451775ANA LUIZA ALVES DE ALMEIDA              RUA HANNIBAL PORTO,501,BL 21 AP 302     IRAJA          21230330RIO DE JANEIRO RJ0000000000000000                                        000000000000                   
0330001300009P 010001001301476520130147652  0000000092312511  0000000000092311012201700000000001689700000 02N230620173000000000000000000000000000000000000000000000000000000000000000000000000000000000000000000000000009231000300000           
0330001300010Q 011000017322451775ANA LUIZA ALVES DE ALMEIDA              RUA HANNIBAL PORTO,501,BL 21 AP 302     IRAJA          21230330RIO DE JANEIRO RJ0000000000000000                                        000000000000                   
0330001300011P 010001001301476520130147652  0000000092215511  0000000000092211007201700000000003727600000 02N230620173000000000000000000000000000000000000000000000000000000000000000000000000000000000000000000000000009221000300000           
0330001300012Q 011000008336107754MARCIA VALERIA DA SILVA                 ESTRADA DA BOIUNA,183,CASA 07           TAQUARA        22723021RIO DE JANEIRO RJ0000000000000000                                        000000000000                   
0330001300013P 010001001301476520130147652  0000000092223511  0000000000092221008201700000000003727600000 02N230620173000000000000000000000000000000000000000000000000000000000000000000000000000000000000000000000000009222000300000           
0330001300014Q 011000008336107754MARCIA VALERIA DA SILVA                 ESTRADA DA BOIUNA,183,CASA 07           TAQUARA        22723021RIO DE JANEIRO RJ0000000000000000                                        000000000000                   
0330001300015P 010001001301476520130147652  0000000092231511  0000000000092231009201700000000003727600000 02N230620173000000000000000000000000000000000000000000000000000000000000000000000000000000000000000000000000009223000300000           
0330001300016Q 011000008336107754MARCIA VALERIA DA SILVA                 ESTRADA DA BOIUNA,183,CASA 07           TAQUARA        22723021RIO DE JANEIRO RJ0000000000000000                                        000000000000                   
0330001300017P 010001001301476520130147652  0000000092241511  0000000000092241010201700000000003727600000 02N230620173000000000000000000000000000000000000000000000000000000000000000000000000000000000000000000000000009224000300000           
0330001300018Q 011000008336107754MARCIA VALERIA DA SILVA                 ESTRADA DA BOIUNA,183,CASA 07           TAQUARA        22723021RIO DE JANEIRO RJ0000000000000000                                        000000000000                   
0330001300019P 010001001301476520130147652  0000000092258511  0000000000092251011201700000000003727600000 02N230620173000000000000000000000000000000000000000000000000000000000000000000000000000000000000000000000000009225000300000           
0330001300020Q 011000008336107754MARCIA VALERIA DA SILVA                 ESTRADA DA BOIUNA,183,CASA 07           TAQUARA        22723021RIO DE JANEIRO RJ0000000000000000                                        000000000000                   
0330001300021P 010001001301476520130147652  0000000092266511  0000000000092261012201700000000003727600000 02N230620173000000000000000000000000000000000000000000000000000000000000000000000000000000000000000000000000009226000300000           
0330001300022Q 011000008336107754MARCIA VALERIA DA SILVA                 ESTRADA DA BOIUNA,183,CASA 07           TAQUARA        22723021RIO DE JANEIRO RJ0000000000000000                                        000000000000                   
0330001300023P 010001001301476520130147652  0000000092151511  0000000000092150107201700000000002450100000 02N230620173000000000000000000000000000000000000000000000000000000000000000000000000000000000000000000000000009215000300000           
0330001300024Q 011000005665793752MARCELO BRANDAO BARBOSA                 RUA OURO FINO,191,AP 403                IRAJA          21371230RIO DE JANEIRO RJ0000000000000000                                        000000000000                   
0330001300025P 010001001301476520130147652  0000000092169511  0000000000092160108201700000000002450100000 02N230620173000000000000000000000000000000000000000000000000000000000000000000000000000000000000000000000000009216000300000           
0330001300026Q 011000005665793752MARCELO BRANDAO BARBOSA                 RUA OURO FINO,191,AP 403                IRAJA          21371230RIO DE JANEIRO RJ0000000000000000                                        000000000000                   
0330001300027P 010001001301476520130147652  0000000092177511  0000000000092170109201700000000002450100000 02N230620173000000000000000000000000000000000000000000000000000000000000000000000000000000000000000000000000009217000300000           
0330001300028Q 011000005665793752MARCELO BRANDAO BARBOSA                 RUA OURO FINO,191,AP 403                IRAJA          21371230RIO DE JANEIRO RJ0000000000000000                                        000000000000                   
0330001300029P 010001001301476520130147652  0000000092185511  0000000000092180110201700000000002450100000 02N230620173000000000000000000000000000000000000000000000000000000000000000000000000000000000000000000000000009218000300000           
0330001300030Q 011000005665793752MARCELO BRANDAO BARBOSA                 RUA OURO FINO,191,AP 403                IRAJA          21371230RIO DE JANEIRO RJ0000000000000000                                        000000000000                   
0330001300031P 010001001301476520130147652  0000000092193511  0000000000092190111201700000000002450100000 02N230620173000000000000000000000000000000000000000000000000000000000000000000000000000000000000000000000000009219000300000           
0330001300032Q 011000005665793752MARCELO BRANDAO BARBOSA                 RUA OURO FINO,191,AP 403                IRAJA          21371230RIO DE JANEIRO RJ0000000000000000                                        000000000000                   
0330001300033P 010001001301476520130147652  0000000092207511  0000000000092200112201700000000002450100000 02N230620173000000000000000000000000000000000000000000000000000000000000000000000000000000000000000000000000009220000300000           
0330001300034Q 011000005665793752MARCELO BRANDAO BARBOSA                 RUA OURO FINO,191,AP 403                IRAJA          21371230RIO DE JANEIRO RJ0000000000000000                                        000000000000                   
03300015         000036                                                                                                                                                                                                                         
03399999         000001000038                                                                                                                                                                                                                   