03300000        2049938327000106000100001201344                         UBRASP - UNIAO BRASILEIRA     Banco Santander                         126012017      000060040                                                                          
03300011R01  030 2049938327000106                    000100001201344     UBRASP - UNIAO BRASILEIRA                                                                                     0000000126012017                                         
0330001300001P 010001001301476520130147652  0000000048569511  0000000000048560702201700000000001161500000 02N260120173000000000000000000000000000000000000000000000000000000000000000000000000000000000000000000000000004856000300000           
0330001300002Q 011000017091146735GABRIELLE CRISTINE FERREIRA             AVENIDA PERIMETRAL DOUTOR AL,110,FUNDOS PARQUE PAULICEI25080010DUQUE DE CAXIASRJ0000000000000000                                        000000000000                   
0330001300003P 010001001301476520130147652  0000000048577511  0000000000048570702201700000000001442800000 02N260120173000000000000000000000000000000000000000000000000000000000000000000000000000000000000000000000000004857000300000           
0330001300004Q 011000015746117714JULIA DE OLIVEIRA RIBEIRO PENHA         RUA DIVISA NOVA,104,AP 202              LINS DE VASCONC20725210RIO DE JANEIRO RJ0000000000000000                                        000000000000                   
0330001300005P 010001001301476520130147652  0000000048585511  0000000000048580702201700000000002337000000 02N260120173000000000000000000000000000000000000000000000000000000000000000000000000000000000000000000000000004858000300000           
0330001300006Q 011000008359242704FLAVIO SOUSA MENDES                     RUA FRANCISCA SALES,746,CASA 20         FREGUESIA (JACA22760000RIO DE JANEIRO RJ0000000000000000                                        000000000000                   
0330001300007P 010001001301476520130147652  0000000048593511  0000000000048590702201700000000001090400000 02N260120173000000000000000000000000000000000000000000000000000000000000000000000000000000000000000000000000004859000300000           
0330001300008Q 011000018530572742HENRY ALEXANDRE DE SOUZA SILVA          RUA JOAO ADIL DE OLI,S/N,BLOCO 17 AP 308IRAJA?         21230175RIO DE JANEIRO RJ0000000000000000                                        000000000000                   
0330001300009P 010001001301476520130147652  0000000048607511  0000000000048600702201700000000001219600000 02N260120173000000000000000000000000000000000000000000000000000000000000000000000000000000000000000000000000004860000300000           
0330001300010Q 011000015204828761JADER LUIZ PEREIRA DE SOUZA             RUA DARCI VARGAS,374,CASA 03            CENTRO         25510400SAO JOAO DE MERRJ0000000000000000                                        000000000000                   
0330001300011P 010001001301476520130147652  0000000048615511  0000000000048610702201700000000002797600000 02N260120173000000000000000000000000000000000000000000000000000000000000000000000000000000000000000000000000004861000300000           
0330001300012Q 011000076292703720APARECIDA DE MENEZES LOPES              RUA ARATANGI,180,A CASA SB              COELHO NETO    21545360RIO DE JANEIRO RJ0000000000000000                                        000000000000                   
0330001300013P 010001001301476520130147652  0000000048623511  0000000000048620702201700000000003609000000 02N260120173000000000000000000000000000000000000000000000000000000000000000000000000000000000000000000000000004862000300000           
0330001300014Q 011000063459086734PENHA CRISTINA JERONIMO PEREIRA         RUA TOGO,09                             BANGU          21852220RIO DE JANEIRO RJ0000000000000000                                        000000000000                   
0330001300015P 010001001301476520130147652  0000000048631511  0000000000048630702201700000000001974200000 02N260120173000000000000000000000000000000000000000000000000000000000000000000000000000000000000000000000000004863000300000           
0330001300016Q 011000014468644729CARLOS EDUARDO SOARES DE SOUZA          RUA PACHECO JORDAO,176,FUNDOS           HIGIENOPOLIS   21050530RIO DE JANEIRO RJ0000000000000000                                        000000000000                   
0330001300017P 010001001301476520130147652  0000000048641511  0000000000048640702201700000000003609000000 02N260120173000000000000000000000000000000000000000000000000000000000000000000000000000000000000000000000000004864000300000           
0330001300018Q 011000071510303715RONALDO SILVA GENTIL                    RUA PADRE ILD,103,BLOCO 02 GR 11 AP 1003MEIER          20775020RIO DE JANEIRO RJ0000000000000000                                        000000000000                   
0330001300019P 010001001301476520130147652  0000000048658511  0000000000048650702201700000000001433600000 02N260120173000000000000000000000000000000000000000000000000000000000000000000000000000000000000000000000000004865000300000           
0330001300020Q 011000008904296773SERGIO HENRIQUE PACIFICO DE OLIVEIRA    RUA CAPITAO TARCISO BUENO,50,AP 506     COELHO NETO    21530110RIO DE JANEIRO RJ0000000000000000                                        000000000000                   
0330001300021P 010001001301476520130147652  0000000048666511  0000000000048660702201700000000003111100000 02N260120173000000000000000000000000000000000000000000000000000000000000000000000000000000000000000000000000004866000300000           
0330001300022Q 011000089644107691ELIZABET MIMILAGUE VENTURA LEE          RUA GETULIO,321,BLOCO 01 AP 404         TODOS OS SANTOS20775000RIO DE JANEIRO RJ0000000000000000                                        000000000000                   
0330001300023P 010001001301476520130147652  0000000048674511  0000000000048670702201700000000001613700000 02N260120173000000000000000000000000000000000000000000000000000000000000000000000000000000000000000000000000004867000300000           
0330001300024Q 011000013104324735NATALIA DE OLIVEIRA GUERRA              RUA CECI,1832,SB 3                      EDEN           25535120SAO JOAO DE MERRJ0000000000000000                                        000000000000                   
0330001300025P 010001001301476520130147652  0000000048682511  0000000000048680702201700000000002350900000 02N260120173000000000000000000000000000000000000000000000000000000000000000000000000000000000000000000000000004868000300000           
0330001300026Q 011000001243437758PATRICIA VIEIRA DUARTE                  RUA FREI CANECA,148,AP 709              CENTRO         20211040RIO DE JANEIRO RJ0000000000000000                                        000000000000                   
0330001300027P 010001001301476520130147652  0000000048691511  0000000000048690702201700000000002436900000 02N260120173000000000000000000000000000000000000000000000000000000000000000000000000000000000000000000000000004869000300000           
0330001300028Q 011000002352142725LUIS FELIPE CIQUEJO MARTINS             AVENIDA NOSSA SENHORA DE COP,1229,AP 604COPACABANA     22070011RIO DE JANEIRO RJ0000000000000000                                        000000000000                   
0330001300029P 010001001301476520130147652  0000000048704511  0000000000048700702201700000000009755800000 02N260120173000000000000000000000000000000000000000000000000000000000000000000000000000000000000000000000000004870000300000           
0330001300030Q 011000033009414749RICARDO DE MAGALHAES MASSENA            RUA GENERAL RENATO,199,BLOCO 02 AP 704 BBARRA DA TIJUCA22793060RIO DE JANEIRO RJ0000000000000000                                        000000000000                   
0330001300031P 010001001301476520130147652  0000000048712511  0000000000048710702201700000000002179500000 02N260120173000000000000000000000000000000000000000000000000000000000000000000000000000000000000000000000000004871000300000           
0330001300032Q 011000010437214796ARTHUR VIEIRA LOPES NETO                RUA ARATANGI,180,A CASA SB              COELHO NETO    21545360RIO DE JANEIRO RJ0000000000000000                                        000000000000                   
0330001300033P 010001001301476520130147652  0000000048721511  0000000000048720702201700000000003128700000 02N260120173000000000000000000000000000000000000000000000000000000000000000000000000000000000000000000000000004872000300000           
0330001300034Q 011000003386380751EDILENE SILVINA VIEIRA                  RUA (VL DO JOAO),441                    MARE?          21046540RIO DE JANEIRO RJ0000000000000000                                        000000000000                   
03300015         000036                                                                                                                                                                                                                         
03399999         000001000038                                                                                                                                                                                                                   