03300000        2049938327000106000100001201344                         UBRASP - UNIAO BRASILEIRA     Banco Santander                         120062017      000099040                                                                          
03300011R01  030 2049938327000106                    000100001201344     UBRASP - UNIAO BRASILEIRA                                                                                     0000000120062017                                         
0330001300001P 010001001301476520130147652  0000000091855511  0000000000091850708201700000000001950900000 02N200620173000000000000000000000000000000000000000000000000000000000000000000000000000000000000000000000000009185000300000           
0330001300002Q 011000000477631240ELIZABETH ALMEIDA AMORAS                RUA NASCIMENTO GURGEL,9,APT 301         OSWALDO CRUZ   21340390RIO DE JANEIRO RJ0000000000000000                                        000000000000                   
0330001300003P 010001001301476520130147652  0000000091863511  0000000000091860709201700000000001950900000 02N200620173000000000000000000000000000000000000000000000000000000000000000000000000000000000000000000000000009186000300000           
0330001300004Q 011000000477631240ELIZABETH ALMEIDA AMORAS                RUA NASCIMENTO GURGEL,9,APT 301         OSWALDO CRUZ   21340390RIO DE JANEIRO RJ0000000000000000                                        000000000000                   
0330001300005P 010001001301476520130147652  0000000091871511  0000000000091870710201700000000001950900000 02N200620173000000000000000000000000000000000000000000000000000000000000000000000000000000000000000000000000009187000300000           
0330001300006Q 011000000477631240ELIZABETH ALMEIDA AMORAS                RUA NASCIMENTO GURGEL,9,APT 301         OSWALDO CRUZ   21340390RIO DE JANEIRO RJ0000000000000000                                        000000000000                   
0330001300007P 010001001301476520130147652  0000000091881511  0000000000091880711201700000000001950900000 02N200620173000000000000000000000000000000000000000000000000000000000000000000000000000000000000000000000000009188000300000           
0330001300008Q 011000000477631240ELIZABETH ALMEIDA AMORAS                RUA NASCIMENTO GURGEL,9,APT 301         OSWALDO CRUZ   21340390RIO DE JANEIRO RJ0000000000000000                                        000000000000                   
0330001300009P 010001001301476520130147652  0000000091898511  0000000000091890712201700000000001950900000 02N200620173000000000000000000000000000000000000000000000000000000000000000000000000000000000000000000000000009189000300000           
0330001300010Q 011000000477631240ELIZABETH ALMEIDA AMORAS                RUA NASCIMENTO GURGEL,9,APT 301         OSWALDO CRUZ   21340390RIO DE JANEIRO RJ0000000000000000                                        000000000000                   
0330001300011P 010001001301476520130147652  0000000091901511  0000000000091900708201700000000012146700000 02N200620173000000000000000000000000000000000000000000000000000000000000000000000000000000000000000000000000009190000300000           
0330001300012Q 011000038574578720FRANCISCO SOUZA CARNEIRO PINTO          RUA RAINHA DA ENGENHO,316,CASA 37       INHAUMA        20765040RIO DE JANEIRO RJ0000000000000000                                        000000000000                   
0330001300013P 010001001301476520130147652  0000000091911511  0000000000091910709201700000000012146700000 02N200620173000000000000000000000000000000000000000000000000000000000000000000000000000000000000000000000000009191000300000           
0330001300014Q 011000038574578720FRANCISCO SOUZA CARNEIRO PINTO          RUA RAINHA DA ENGENHO,316,CASA 37       INHAUMA        20765040RIO DE JANEIRO RJ0000000000000000                                        000000000000                   
0330001300015P 010001001301476520130147652  0000000091928511  0000000000091920710201700000000012146700000 02N200620173000000000000000000000000000000000000000000000000000000000000000000000000000000000000000000000000009192000300000           
0330001300016Q 011000038574578720FRANCISCO SOUZA CARNEIRO PINTO          RUA RAINHA DA ENGENHO,316,CASA 37       INHAUMA        20765040RIO DE JANEIRO RJ0000000000000000                                        000000000000                   
0330001300017P 010001001301476520130147652  0000000091936511  0000000000091930711201700000000012146700000 02N200620173000000000000000000000000000000000000000000000000000000000000000000000000000000000000000000000000009193000300000           
0330001300018Q 011000038574578720FRANCISCO SOUZA CARNEIRO PINTO          RUA RAINHA DA ENGENHO,316,CASA 37       INHAUMA        20765040RIO DE JANEIRO RJ0000000000000000                                        000000000000                   
0330001300019P 010001001301476520130147652  0000000091944511  0000000000091940712201700000000012146700000 02N200620173000000000000000000000000000000000000000000000000000000000000000000000000000000000000000000000000009194000300000           
0330001300020Q 011000038574578720FRANCISCO SOUZA CARNEIRO PINTO          RUA RAINHA DA ENGENHO,316,CASA 37       INHAUMA        20765040RIO DE JANEIRO RJ0000000000000000                                        000000000000                   
0330001300021P 010001001301476520130147652  0000000091952511  0000000000091950708201700000000001535600000 02N200620173000000000000000000000000000000000000000000000000000000000000000000000000000000000000000000000000009195000300000           
0330001300022Q 011000019948568745MURILO DAMAS POUZA MATEUS               RUA CARUMBE,246,C/ 17                   REALENGO       21755140RIO DE JANEIRO RJ0000000000000000                                        000000000000                   
0330001300023P 010001001301476520130147652  0000000091961511  0000000000091960709201700000000001535600000 02N200620173000000000000000000000000000000000000000000000000000000000000000000000000000000000000000000000000009196000300000           
0330001300024Q 011000019948568745MURILO DAMAS POUZA MATEUS               RUA CARUMBE,246,C/ 17                   REALENGO       21755140RIO DE JANEIRO RJ0000000000000000                                        000000000000                   
0330001300025P 010001001301476520130147652  0000000091979511  0000000000091970710201700000000001535600000 02N200620173000000000000000000000000000000000000000000000000000000000000000000000000000000000000000000000000009197000300000           
0330001300026Q 011000019948568745MURILO DAMAS POUZA MATEUS               RUA CARUMBE,246,C/ 17                   REALENGO       21755140RIO DE JANEIRO RJ0000000000000000                                        000000000000                   
0330001300027P 010001001301476520130147652  0000000091987511  0000000000091980711201700000000001535600000 02N200620173000000000000000000000000000000000000000000000000000000000000000000000000000000000000000000000000009198000300000           
0330001300028Q 011000019948568745MURILO DAMAS POUZA MATEUS               RUA CARUMBE,246,C/ 17                   REALENGO       21755140RIO DE JANEIRO RJ0000000000000000                                        000000000000                   
0330001300029P 010001001301476520130147652  0000000091995511  0000000000091990712201700000000001535600000 02N200620173000000000000000000000000000000000000000000000000000000000000000000000000000000000000000000000000009199000300000           
0330001300030Q 011000019948568745MURILO DAMAS POUZA MATEUS               RUA CARUMBE,246,C/ 17                   REALENGO       21755140RIO DE JANEIRO RJ0000000000000000                                        000000000000                   
0330001300031P 010001001301476520130147652  0000000092002511  0000000000092000107201700000000001689700000 02N200620173000000000000000000000000000000000000000000000000000000000000000000000000000000000000000000000000009200000300000           
0330001300032Q 011000018679368792KIMBERLY DE BRITO ARAUJO MACHADO        RUA GUILHERME S,00,SN - LOTE  04 , QD 88JARDIM OLAVO BI25036150DUQUE DE CAXIASRJ0000000000000000                                        000000000000                   
0330001300033P 010001001301476520130147652  0000000092011511  0000000000092010108201700000000001689700000 02N200620173000000000000000000000000000000000000000000000000000000000000000000000000000000000000000000000000009201000300000           
0330001300034Q 011000018679368792KIMBERLY DE BRITO ARAUJO MACHADO        RUA GUILHERME S,00,SN - LOTE  04 , QD 88JARDIM OLAVO BI25036150DUQUE DE CAXIASRJ0000000000000000                                        000000000000                   
0330001300035P 010001001301476520130147652  0000000092029511  0000000000092020109201700000000001689700000 02N200620173000000000000000000000000000000000000000000000000000000000000000000000000000000000000000000000000009202000300000           
0330001300036Q 011000018679368792KIMBERLY DE BRITO ARAUJO MACHADO        RUA GUILHERME S,00,SN - LOTE  04 , QD 88JARDIM OLAVO BI25036150DUQUE DE CAXIASRJ0000000000000000                                        000000000000                   
0330001300037P 010001001301476520130147652  0000000092037511  0000000000092030110201700000000001689700000 02N200620173000000000000000000000000000000000000000000000000000000000000000000000000000000000000000000000000009203000300000           
0330001300038Q 011000018679368792KIMBERLY DE BRITO ARAUJO MACHADO        RUA GUILHERME S,00,SN - LOTE  04 , QD 88JARDIM OLAVO BI25036150DUQUE DE CAXIASRJ0000000000000000                                        000000000000                   
0330001300039P 010001001301476520130147652  0000000092045511  0000000000092040111201700000000001689700000 02N200620173000000000000000000000000000000000000000000000000000000000000000000000000000000000000000000000000009204000300000           
0330001300040Q 011000018679368792KIMBERLY DE BRITO ARAUJO MACHADO        RUA GUILHERME S,00,SN - LOTE  04 , QD 88JARDIM OLAVO BI25036150DUQUE DE CAXIASRJ0000000000000000                                        000000000000                   
0330001300041P 010001001301476520130147652  0000000092053511  0000000000092050112201700000000001689700000 02N200620173000000000000000000000000000000000000000000000000000000000000000000000000000000000000000000000000009205000300000           
0330001300042Q 011000018679368792KIMBERLY DE BRITO ARAUJO MACHADO        RUA GUILHERME S,00,SN - LOTE  04 , QD 88JARDIM OLAVO BI25036150DUQUE DE CAXIASRJ0000000000000000                                        000000000000                   
0330001300043P 010001001301476520130147652  0000000092061511  0000000000092060107201700000000001468500000 02N200620173000000000000000000000000000000000000000000000000000000000000000000000000000000000000000000000000009206000300000           
0330001300044Q 011000018094478799YURICK RIBEIRO BRAGA DA SILVA           TRAVESSA ,00,SN. LT 6A - BAIRRO VERMELHOSETE PONTES    24415185SAO GONCALO    RJ0000000000000000                                        000000000000                   
0330001300045P 010001001301476520130147652  0000000092071511  0000000000092070108201700000000001468500000 02N200620173000000000000000000000000000000000000000000000000000000000000000000000000000000000000000000000000009207000300000           
0330001300046Q 011000018094478799YURICK RIBEIRO BRAGA DA SILVA           TRAVESSA ,00,SN. LT 6A - BAIRRO VERMELHOSETE PONTES    24415185SAO GONCALO    RJ0000000000000000                                        000000000000                   
0330001300047P 010001001301476520130147652  0000000092088511  0000000000092080109201700000000001468500000 02N200620173000000000000000000000000000000000000000000000000000000000000000000000000000000000000000000000000009208000300000           
0330001300048Q 011000018094478799YURICK RIBEIRO BRAGA DA SILVA           TRAVESSA ,00,SN. LT 6A - BAIRRO VERMELHOSETE PONTES    24415185SAO GONCALO    RJ0000000000000000                                        000000000000                   
0330001300049P 010001001301476520130147652  0000000092096511  0000000000092090110201700000000001468500000 02N200620173000000000000000000000000000000000000000000000000000000000000000000000000000000000000000000000000009209000300000           
0330001300050Q 011000018094478799YURICK RIBEIRO BRAGA DA SILVA           TRAVESSA ,00,SN. LT 6A - BAIRRO VERMELHOSETE PONTES    24415185SAO GONCALO    RJ0000000000000000                                        000000000000                   
0330001300051P 010001001301476520130147652  0000000092101511  0000000000092100111201700000000001468500000 02N200620173000000000000000000000000000000000000000000000000000000000000000000000000000000000000000000000000009210000300000           
0330001300052Q 011000018094478799YURICK RIBEIRO BRAGA DA SILVA           TRAVESSA ,00,SN. LT 6A - BAIRRO VERMELHOSETE PONTES    24415185SAO GONCALO    RJ0000000000000000                                        000000000000                   
0330001300053P 010001001301476520130147652  0000000092118511  0000000000092110112201700000000001468500000 02N200620173000000000000000000000000000000000000000000000000000000000000000000000000000000000000000000000000009211000300000           
0330001300054Q 011000018094478799YURICK RIBEIRO BRAGA DA SILVA           TRAVESSA ,00,SN. LT 6A - BAIRRO VERMELHOSETE PONTES    24415185SAO GONCALO    RJ0000000000000000                                        000000000000                   
03300015         000056                                                                                                                                                                                                                         
03399999         000001000058                                                                                                                                                                                                                   