03300000        2049938327000106000100001201344                         UBRASP - UNIAO BRASILEIRA     Banco Santander                         105072017      000103040                                                                          
03300011R01  030 2049938327000106                    000100001201344     UBRASP - UNIAO BRASILEIRA                                                                                     0000000105072017                                         
0330001300001P 010001001301476520130147652  0000000092703511  0000000000092702007201700000000002193000000 02N050720173000000000000000000000000000000000000000000000000000000000000000000000000000000000000000000000000009270000300000           
0330001300002Q 011000007957652743COSME SEBASTIAO DE MOURA                RUA CORACAO DE MARIA,400,BL2 AP201      MEIER          20775050RIO DE JANEIRO RJ0000000000000000                                        000000000000                   
0330001300003P 010001001301476520130147652  0000000092711511  0000000000092712008201700000000002193000000 02N050720173000000000000000000000000000000000000000000000000000000000000000000000000000000000000000000000000009271000300000           
0330001300004Q 011000007957652743COSME SEBASTIAO DE MOURA                RUA CORACAO DE MARIA,400,BL2 AP201      MEIER          20775050RIO DE JANEIRO RJ0000000000000000                                        000000000000                   
0330001300005P 010001001301476520130147652  0000000092721511  0000000000092722009201700000000002193000000 02N050720173000000000000000000000000000000000000000000000000000000000000000000000000000000000000000000000000009272000300000           
0330001300006Q 011000007957652743COSME SEBASTIAO DE MOURA                RUA CORACAO DE MARIA,400,BL2 AP201      MEIER          20775050RIO DE JANEIRO RJ0000000000000000                                        000000000000                   
0330001300007P 010001001301476520130147652  0000000092738511  0000000000092732010201700000000002193000000 02N050720173000000000000000000000000000000000000000000000000000000000000000000000000000000000000000000000000009273000300000           
0330001300008Q 011000007957652743COSME SEBASTIAO DE MOURA                RUA CORACAO DE MARIA,400,BL2 AP201      MEIER          20775050RIO DE JANEIRO RJ0000000000000000                                        000000000000                   
0330001300009P 010001001301476520130147652  0000000092746511  0000000000092742011201700000000002193000000 02N050720173000000000000000000000000000000000000000000000000000000000000000000000000000000000000000000000000009274000300000           
0330001300010Q 011000007957652743COSME SEBASTIAO DE MOURA                RUA CORACAO DE MARIA,400,BL2 AP201      MEIER          20775050RIO DE JANEIRO RJ0000000000000000                                        000000000000                   
0330001300011P 010001001301476520130147652  0000000092754511  0000000000092752012201700000000002193000000 02N050720173000000000000000000000000000000000000000000000000000000000000000000000000000000000000000000000000009275000300000           
0330001300012Q 011000007957652743COSME SEBASTIAO DE MOURA                RUA CORACAO DE MARIA,400,BL2 AP201      MEIER          20775050RIO DE JANEIRO RJ0000000000000000                                        000000000000                   
03300015         000014                                                                                                                                                                                                                         
03399999         000001000016                                                                                                                                                                                                                   