03300000        2049938327000106000100001201344                         UBRASP - UNIAO BRASILEIRA     Banco Santander                         127052017      000091040                                                                          
03300011R01  030 2049938327000106                    000100001201344     UBRASP - UNIAO BRASILEIRA                                                                                     0000000127052017                                         
0330001300001P 010001001301476520130147652  0000000087734511  0000000000087730707201700000000006000600000 02N270520173000000000000000000000000000000000000000000000000000000000000000000000000000000000000000000000000008773000300000           
0330001300002Q 011000053551842787SELMA COUTINHO RIBEIRO                  AVENIDA PRESIDENTE VARGAS,542,SALA 506  CENTRO?        20071901RIO DE JANEIRO RJ0000000000000000                                        000000000000                   
0330001300003P 010001001301476520130147652  0000000087742511  0000000000087740708201700000000006000600000 02N270520173000000000000000000000000000000000000000000000000000000000000000000000000000000000000000000000000008774000300000           
0330001300004Q 011000053551842787SELMA COUTINHO RIBEIRO                  AVENIDA PRESIDENTE VARGAS,542,SALA 506  CENTRO?        20071901RIO DE JANEIRO RJ0000000000000000                                        000000000000                   
0330001300005P 010001001301476520130147652  0000000087751511  0000000000087750709201700000000006000600000 02N270520173000000000000000000000000000000000000000000000000000000000000000000000000000000000000000000000000008775000300000           
0330001300006Q 011000053551842787SELMA COUTINHO RIBEIRO                  AVENIDA PRESIDENTE VARGAS,542,SALA 506  CENTRO?        20071901RIO DE JANEIRO RJ0000000000000000                                        000000000000                   
0330001300007P 010001001301476520130147652  0000000087769511  0000000000087760710201700000000006000600000 02N270520173000000000000000000000000000000000000000000000000000000000000000000000000000000000000000000000000008776000300000           
0330001300008Q 011000053551842787SELMA COUTINHO RIBEIRO                  AVENIDA PRESIDENTE VARGAS,542,SALA 506  CENTRO?        20071901RIO DE JANEIRO RJ0000000000000000                                        000000000000                   
0330001300009P 010001001301476520130147652  0000000087777511  0000000000087770711201700000000006000600000 02N270520173000000000000000000000000000000000000000000000000000000000000000000000000000000000000000000000000008777000300000           
0330001300010Q 011000053551842787SELMA COUTINHO RIBEIRO                  AVENIDA PRESIDENTE VARGAS,542,SALA 506  CENTRO?        20071901RIO DE JANEIRO RJ0000000000000000                                        000000000000                   
0330001300011P 010001001301476520130147652  0000000087785511  0000000000087780712201700000000006000600000 02N270520173000000000000000000000000000000000000000000000000000000000000000000000000000000000000000000000000008778000300000           
0330001300012Q 011000053551842787SELMA COUTINHO RIBEIRO                  AVENIDA PRESIDENTE VARGAS,542,SALA 506  CENTRO?        20071901RIO DE JANEIRO RJ0000000000000000                                        000000000000                   
0330001300013P 010001001301476520130147652  0000000088005511  0000000000088001007201700000000011615900000 02N270520173000000000000000000000000000000000000000000000000000000000000000000000000000000000000000000000000008800000300000           
0330001300014Q 011000026200708720LIZETE ASSUNCAO SOBRAL                  ESTRADA DE MARACAI,525,CA7              ALTO DA BOA VIS20531690RIO DE JANEIRO RJ0000000000000000                                        000000000000                   
0330001300015P 010001001301476520130147652  0000000088013511  0000000000088011008201700000000011615900000 02N270520173000000000000000000000000000000000000000000000000000000000000000000000000000000000000000000000000008801000300000           
0330001300016Q 011000026200708720LIZETE ASSUNCAO SOBRAL                  ESTRADA DE MARACAI,525,CA7              ALTO DA BOA VIS20531690RIO DE JANEIRO RJ0000000000000000                                        000000000000                   
0330001300017P 010001001301476520130147652  0000000088021511  0000000000088021009201700000000011615900000 02N270520173000000000000000000000000000000000000000000000000000000000000000000000000000000000000000000000000008802000300000           
0330001300018Q 011000026200708720LIZETE ASSUNCAO SOBRAL                  ESTRADA DE MARACAI,525,CA7              ALTO DA BOA VIS20531690RIO DE JANEIRO RJ0000000000000000                                        000000000000                   
0330001300019P 010001001301476520130147652  0000000088031511  0000000000088031010201700000000011615900000 02N270520173000000000000000000000000000000000000000000000000000000000000000000000000000000000000000000000000008803000300000           
0330001300020Q 011000026200708720LIZETE ASSUNCAO SOBRAL                  ESTRADA DE MARACAI,525,CA7              ALTO DA BOA VIS20531690RIO DE JANEIRO RJ0000000000000000                                        000000000000                   
0330001300021P 010001001301476520130147652  0000000088048511  0000000000088041011201700000000011615900000 02N270520173000000000000000000000000000000000000000000000000000000000000000000000000000000000000000000000000008804000300000           
0330001300022Q 011000026200708720LIZETE ASSUNCAO SOBRAL                  ESTRADA DE MARACAI,525,CA7              ALTO DA BOA VIS20531690RIO DE JANEIRO RJ0000000000000000                                        000000000000                   
0330001300023P 010001001301476520130147652  0000000088056511  0000000000088051012201700000000011615900000 02N270520173000000000000000000000000000000000000000000000000000000000000000000000000000000000000000000000000008805000300000           
0330001300024Q 011000026200708720LIZETE ASSUNCAO SOBRAL                  ESTRADA DE MARACAI,525,CA7              ALTO DA BOA VIS20531690RIO DE JANEIRO RJ0000000000000000                                        000000000000                   
0330001300025P 010001001301476520130147652  0000000088064511  0000000000088061007201700000000008778400000 02N270520173000000000000000000000000000000000000000000000000000000000000000000000000000000000000000000000000008806000300000           
0330001300026Q 011000007391026727MARILDA MOURA DIAS SUARES               RUA PEDRO AMERICO,225,APT 202           CATETE         22211200RIO DE JANEIRO RJ0000000000000000                                        000000000000                   
0330001300027P 010001001301476520130147652  0000000088072511  0000000000088071008201700000000008778400000 02N270520173000000000000000000000000000000000000000000000000000000000000000000000000000000000000000000000000008807000300000           
0330001300028Q 011000007391026727MARILDA MOURA DIAS SUARES               RUA PEDRO AMERICO,225,APT 202           CATETE         22211200RIO DE JANEIRO RJ0000000000000000                                        000000000000                   
0330001300029P 010001001301476520130147652  0000000088081511  0000000000088081009201700000000008778400000 02N270520173000000000000000000000000000000000000000000000000000000000000000000000000000000000000000000000000008808000300000           
0330001300030Q 011000007391026727MARILDA MOURA DIAS SUARES               RUA PEDRO AMERICO,225,APT 202           CATETE         22211200RIO DE JANEIRO RJ0000000000000000                                        000000000000                   
0330001300031P 010001001301476520130147652  0000000088099511  0000000000088091010201700000000008778400000 02N270520173000000000000000000000000000000000000000000000000000000000000000000000000000000000000000000000000008809000300000           
0330001300032Q 011000007391026727MARILDA MOURA DIAS SUARES               RUA PEDRO AMERICO,225,APT 202           CATETE         22211200RIO DE JANEIRO RJ0000000000000000                                        000000000000                   
0330001300033P 010001001301476520130147652  0000000088102511  0000000000088101011201700000000008778400000 02N270520173000000000000000000000000000000000000000000000000000000000000000000000000000000000000000000000000008810000300000           
0330001300034Q 011000007391026727MARILDA MOURA DIAS SUARES               RUA PEDRO AMERICO,225,APT 202           CATETE         22211200RIO DE JANEIRO RJ0000000000000000                                        000000000000                   
0330001300035P 010001001301476520130147652  0000000088111511  0000000000088111012201700000000008778400000 02N270520173000000000000000000000000000000000000000000000000000000000000000000000000000000000000000000000000008811000300000           
0330001300036Q 011000007391026727MARILDA MOURA DIAS SUARES               RUA PEDRO AMERICO,225,APT 202           CATETE         22211200RIO DE JANEIRO RJ0000000000000000                                        000000000000                   
0330001300037P 010001001301476520130147652  0000000088129511  0000000000088121007201700000000002817300000 02N270520173000000000000000000000000000000000000000000000000000000000000000000000000000000000000000000000000008812000300000           
0330001300038Q 011000008170140714CAMILE MARIA ANTUNES DA SILVA           RUA MARECHAL BITTENCOU,184,BL 1  APT 101RIACHUELO      20950200RIO DE JANEIRO RJ0000000000000000                                        000000000000                   
0330001300039P 010001001301476520130147652  0000000088137511  0000000000088131008201700000000002817300000 02N270520173000000000000000000000000000000000000000000000000000000000000000000000000000000000000000000000000008813000300000           
0330001300040Q 011000008170140714CAMILE MARIA ANTUNES DA SILVA           RUA MARECHAL BITTENCOU,184,BL 1  APT 101RIACHUELO      20950200RIO DE JANEIRO RJ0000000000000000                                        000000000000                   
0330001300041P 010001001301476520130147652  0000000088145511  0000000000088141009201700000000002817300000 02N270520173000000000000000000000000000000000000000000000000000000000000000000000000000000000000000000000000008814000300000           
0330001300042Q 011000008170140714CAMILE MARIA ANTUNES DA SILVA           RUA MARECHAL BITTENCOU,184,BL 1  APT 101RIACHUELO      20950200RIO DE JANEIRO RJ0000000000000000                                        000000000000                   
0330001300043P 010001001301476520130147652  0000000088153511  0000000000088151010201700000000002817300000 02N270520173000000000000000000000000000000000000000000000000000000000000000000000000000000000000000000000000008815000300000           
0330001300044Q 011000008170140714CAMILE MARIA ANTUNES DA SILVA           RUA MARECHAL BITTENCOU,184,BL 1  APT 101RIACHUELO      20950200RIO DE JANEIRO RJ0000000000000000                                        000000000000                   
0330001300045P 010001001301476520130147652  0000000088161511  0000000000088161011201700000000002817300000 02N270520173000000000000000000000000000000000000000000000000000000000000000000000000000000000000000000000000008816000300000           
0330001300046Q 011000008170140714CAMILE MARIA ANTUNES DA SILVA           RUA MARECHAL BITTENCOU,184,BL 1  APT 101RIACHUELO      20950200RIO DE JANEIRO RJ0000000000000000                                        000000000000                   
0330001300047P 010001001301476520130147652  0000000088171511  0000000000088171012201700000000002817300000 02N270520173000000000000000000000000000000000000000000000000000000000000000000000000000000000000000000000000008817000300000           
0330001300048Q 011000008170140714CAMILE MARIA ANTUNES DA SILVA           RUA MARECHAL BITTENCOU,184,BL 1  APT 101RIACHUELO      20950200RIO DE JANEIRO RJ0000000000000000                                        000000000000                   
0330001300049P 010001001301476520130147652  0000000088188511  0000000000088181007201700000000002193000000 02N270520173000000000000000000000000000000000000000000000000000000000000000000000000000000000000000000000000008818000300000           
0330001300050Q 011000007232964722MARIANE DE JESUS ALVES                  RUA MANICARIA,204,APT 301               CURICICA       22780806RIO DE JANEIRO RJ0000000000000000                                        000000000000                   
0330001300051P 010001001301476520130147652  0000000088196511  0000000000088191008201700000000002193000000 02N270520173000000000000000000000000000000000000000000000000000000000000000000000000000000000000000000000000008819000300000           
0330001300052Q 011000007232964722MARIANE DE JESUS ALVES                  RUA MANICARIA,204,APT 301               CURICICA       22780806RIO DE JANEIRO RJ0000000000000000                                        000000000000                   
0330001300053P 010001001301476520130147652  0000000088201511  0000000000088201009201700000000002193000000 02N270520173000000000000000000000000000000000000000000000000000000000000000000000000000000000000000000000000008820000300000           
0330001300054Q 011000007232964722MARIANE DE JESUS ALVES                  RUA MANICARIA,204,APT 301               CURICICA       22780806RIO DE JANEIRO RJ0000000000000000                                        000000000000                   
0330001300055P 010001001301476520130147652  0000000088218511  0000000000088211010201700000000002193000000 02N270520173000000000000000000000000000000000000000000000000000000000000000000000000000000000000000000000000008821000300000           
0330001300056Q 011000007232964722MARIANE DE JESUS ALVES                  RUA MANICARIA,204,APT 301               CURICICA       22780806RIO DE JANEIRO RJ0000000000000000                                        000000000000                   
0330001300057P 010001001301476520130147652  0000000088226511  0000000000088221011201700000000002193000000 02N270520173000000000000000000000000000000000000000000000000000000000000000000000000000000000000000000000000008822000300000           
0330001300058Q 011000007232964722MARIANE DE JESUS ALVES                  RUA MANICARIA,204,APT 301               CURICICA       22780806RIO DE JANEIRO RJ0000000000000000                                        000000000000                   
0330001300059P 010001001301476520130147652  0000000088234511  0000000000088231012201700000000002193000000 02N270520173000000000000000000000000000000000000000000000000000000000000000000000000000000000000000000000000008823000300000           
0330001300060Q 011000007232964722MARIANE DE JESUS ALVES                  RUA MANICARIA,204,APT 301               CURICICA       22780806RIO DE JANEIRO RJ0000000000000000                                        000000000000                   
0330001300061P 010001001301476520130147652  0000000088242511  0000000000088241007201700000000001884300000 02N270520173000000000000000000000000000000000000000000000000000000000000000000000000000000000000000000000000008824000300000           
0330001300062Q 011000011984788701EDUARDO PEREIRA DE SOUSA FREITAS        RUA DA MATRIZ,46,APT 204                BOTAFOGO       22260100RIO DE JANEIRO RJ0000000000000000                                        000000000000                   
0330001300063P 010001001301476520130147652  0000000088251511  0000000000088251008201700000000001884300000 02N270520173000000000000000000000000000000000000000000000000000000000000000000000000000000000000000000000000008825000300000           
0330001300064Q 011000011984788701EDUARDO PEREIRA DE SOUSA FREITAS        RUA DA MATRIZ,46,APT 204                BOTAFOGO       22260100RIO DE JANEIRO RJ0000000000000000                                        000000000000                   
0330001300065P 010001001301476520130147652  0000000088269511  0000000000088261009201700000000001884300000 02N270520173000000000000000000000000000000000000000000000000000000000000000000000000000000000000000000000000008826000300000           
0330001300066Q 011000011984788701EDUARDO PEREIRA DE SOUSA FREITAS        RUA DA MATRIZ,46,APT 204                BOTAFOGO       22260100RIO DE JANEIRO RJ0000000000000000                                        000000000000                   
0330001300067P 010001001301476520130147652  0000000088277511  0000000000088271010201700000000001884300000 02N270520173000000000000000000000000000000000000000000000000000000000000000000000000000000000000000000000000008827000300000           
0330001300068Q 011000011984788701EDUARDO PEREIRA DE SOUSA FREITAS        RUA DA MATRIZ,46,APT 204                BOTAFOGO       22260100RIO DE JANEIRO RJ0000000000000000                                        000000000000                   
0330001300069P 010001001301476520130147652  0000000088285511  0000000000088281011201700000000001884300000 02N270520173000000000000000000000000000000000000000000000000000000000000000000000000000000000000000000000000008828000300000           
0330001300070Q 011000011984788701EDUARDO PEREIRA DE SOUSA FREITAS        RUA DA MATRIZ,46,APT 204                BOTAFOGO       22260100RIO DE JANEIRO RJ0000000000000000                                        000000000000                   
0330001300071P 010001001301476520130147652  0000000088293511  0000000000088291012201700000000001884300000 02N270520173000000000000000000000000000000000000000000000000000000000000000000000000000000000000000000000000008829000300000           
0330001300072Q 011000011984788701EDUARDO PEREIRA DE SOUSA FREITAS        RUA DA MATRIZ,46,APT 204                BOTAFOGO       22260100RIO DE JANEIRO RJ0000000000000000                                        000000000000                   
0330001300073P 010001001301476520130147652  0000000087939511  0000000000087930706201700000000003019900000 02N270520173000000000000000000000000000000000000000000000000000000000000000000000000000000000000000000000000008793000300000           
0330001300074Q 011000015748131706RAFAELA ALVES RICARDO                   RUA POCINHOS,00,AP 201 LT15 - QUADRA 67 COSMOS         23060030RIO DE JANEIRO RJ0000000000000000                                        000000000000                   
0330001300075P 010001001301476520130147652  0000000087947511  0000000000087940707201700000000003019900000 02N270520173000000000000000000000000000000000000000000000000000000000000000000000000000000000000000000000000008794000300000           
0330001300076Q 011000015748131706RAFAELA ALVES RICARDO                   RUA POCINHOS,00,AP 201 LT15 - QUADRA 67 COSMOS         23060030RIO DE JANEIRO RJ0000000000000000                                        000000000000                   
0330001300077P 010001001301476520130147652  0000000087955511  0000000000087950708201700000000003019900000 02N270520173000000000000000000000000000000000000000000000000000000000000000000000000000000000000000000000000008795000300000           
0330001300078Q 011000015748131706RAFAELA ALVES RICARDO                   RUA POCINHOS,00,AP 201 LT15 - QUADRA 67 COSMOS         23060030RIO DE JANEIRO RJ0000000000000000                                        000000000000                   
0330001300079P 010001001301476520130147652  0000000087963511  0000000000087960709201700000000003019900000 02N270520173000000000000000000000000000000000000000000000000000000000000000000000000000000000000000000000000008796000300000           
0330001300080Q 011000015748131706RAFAELA ALVES RICARDO                   RUA POCINHOS,00,AP 201 LT15 - QUADRA 67 COSMOS         23060030RIO DE JANEIRO RJ0000000000000000                                        000000000000                   
0330001300081P 010001001301476520130147652  0000000087971511  0000000000087970710201700000000003019900000 02N270520173000000000000000000000000000000000000000000000000000000000000000000000000000000000000000000000000008797000300000           
0330001300082Q 011000015748131706RAFAELA ALVES RICARDO                   RUA POCINHOS,00,AP 201 LT15 - QUADRA 67 COSMOS         23060030RIO DE JANEIRO RJ0000000000000000                                        000000000000                   
0330001300083P 010001001301476520130147652  0000000087981511  0000000000087980711201700000000003019900000 02N270520173000000000000000000000000000000000000000000000000000000000000000000000000000000000000000000000000008798000300000           
0330001300084Q 011000015748131706RAFAELA ALVES RICARDO                   RUA POCINHOS,00,AP 201 LT15 - QUADRA 67 COSMOS         23060030RIO DE JANEIRO RJ0000000000000000                                        000000000000                   
0330001300085P 010001001301476520130147652  0000000087998511  0000000000087990712201700000000003019900000 02N270520173000000000000000000000000000000000000000000000000000000000000000000000000000000000000000000000000008799000300000           
0330001300086Q 011000015748131706RAFAELA ALVES RICARDO                   RUA POCINHOS,00,AP 201 LT15 - QUADRA 67 COSMOS         23060030RIO DE JANEIRO RJ0000000000000000                                        000000000000                   
0330001300087P 010001001301476520130147652  0000000088307511  0000000000088301007201700000000005903100000 02N270520173000000000000000000000000000000000000000000000000000000000000000000000000000000000000000000000000008830000300000           
0330001300088Q 011000002526044740VANESSA MEIRELLES DA CUNHA MELO         AVENIDA NOSSA SENHORA DE CO,986,APT 1101COPACABANA     22060002RIO DE JANEIRO RJ0000000000000000                                        000000000000                   
0330001300089P 010001001301476520130147652  0000000088315511  0000000000088311008201700000000005903100000 02N270520173000000000000000000000000000000000000000000000000000000000000000000000000000000000000000000000000008831000300000           
0330001300090Q 011000002526044740VANESSA MEIRELLES DA CUNHA MELO         AVENIDA NOSSA SENHORA DE CO,986,APT 1101COPACABANA     22060002RIO DE JANEIRO RJ0000000000000000                                        000000000000                   
0330001300091P 010001001301476520130147652  0000000088323511  0000000000088321009201700000000005903100000 02N270520173000000000000000000000000000000000000000000000000000000000000000000000000000000000000000000000000008832000300000           
0330001300092Q 011000002526044740VANESSA MEIRELLES DA CUNHA MELO         AVENIDA NOSSA SENHORA DE CO,986,APT 1101COPACABANA     22060002RIO DE JANEIRO RJ0000000000000000                                        000000000000                   
0330001300093P 010001001301476520130147652  0000000088331511  0000000000088331010201700000000005903100000 02N270520173000000000000000000000000000000000000000000000000000000000000000000000000000000000000000000000000008833000300000           
0330001300094Q 011000002526044740VANESSA MEIRELLES DA CUNHA MELO         AVENIDA NOSSA SENHORA DE CO,986,APT 1101COPACABANA     22060002RIO DE JANEIRO RJ0000000000000000                                        000000000000                   
0330001300095P 010001001301476520130147652  0000000088341511  0000000000088341011201700000000005903100000 02N270520173000000000000000000000000000000000000000000000000000000000000000000000000000000000000000000000000008834000300000           
0330001300096Q 011000002526044740VANESSA MEIRELLES DA CUNHA MELO         AVENIDA NOSSA SENHORA DE CO,986,APT 1101COPACABANA     22060002RIO DE JANEIRO RJ0000000000000000                                        000000000000                   
0330001300097P 010001001301476520130147652  0000000088358511  0000000000088351012201700000000005903100000 02N270520173000000000000000000000000000000000000000000000000000000000000000000000000000000000000000000000000008835000300000           
0330001300098Q 011000002526044740VANESSA MEIRELLES DA CUNHA MELO         AVENIDA NOSSA SENHORA DE CO,986,APT 1101COPACABANA     22060002RIO DE JANEIRO RJ0000000000000000                                        000000000000                   
0330001300099P 010001001301476520130147652  0000000087793511  0000000000087790106201700000000001776700000 02N270520173000000000000000000000000000000000000000000000000000000000000000000000000000000000000000000000000008779000300000           
0330001300100Q 011000016353076789THAYANE SILVA DE AVELLAR BARBOSA        RUA SOLDADO IVO DE OLI,176,BL F - APT212VILA KOSMOS    21210010RIO DE JANEIRO RJ0000000000000000                                        000000000000                   
0330001300101P 010001001301476520130147652  0000000087807511  0000000000087800107201700000000001776700000 02N270520173000000000000000000000000000000000000000000000000000000000000000000000000000000000000000000000000008780000300000           
0330001300102Q 011000016353076789THAYANE SILVA DE AVELLAR BARBOSA        RUA SOLDADO IVO DE OLI,176,BL F - APT212VILA KOSMOS    21210010RIO DE JANEIRO RJ0000000000000000                                        000000000000                   
0330001300103P 010001001301476520130147652  0000000087815511  0000000000087810108201700000000001776700000 02N270520173000000000000000000000000000000000000000000000000000000000000000000000000000000000000000000000000008781000300000           
0330001300104Q 011000016353076789THAYANE SILVA DE AVELLAR BARBOSA        RUA SOLDADO IVO DE OLI,176,BL F - APT212VILA KOSMOS    21210010RIO DE JANEIRO RJ0000000000000000                                        000000000000                   
0330001300105P 010001001301476520130147652  0000000087823511  0000000000087820109201700000000001776700000 02N270520173000000000000000000000000000000000000000000000000000000000000000000000000000000000000000000000000008782000300000           
0330001300106Q 011000016353076789THAYANE SILVA DE AVELLAR BARBOSA        RUA SOLDADO IVO DE OLI,176,BL F - APT212VILA KOSMOS    21210010RIO DE JANEIRO RJ0000000000000000                                        000000000000                   
0330001300107P 010001001301476520130147652  0000000087831511  0000000000087830110201700000000001776700000 02N270520173000000000000000000000000000000000000000000000000000000000000000000000000000000000000000000000000008783000300000           
0330001300108Q 011000016353076789THAYANE SILVA DE AVELLAR BARBOSA        RUA SOLDADO IVO DE OLI,176,BL F - APT212VILA KOSMOS    21210010RIO DE JANEIRO RJ0000000000000000                                        000000000000                   
0330001300109P 010001001301476520130147652  0000000087841511  0000000000087840111201700000000001776700000 02N270520173000000000000000000000000000000000000000000000000000000000000000000000000000000000000000000000000008784000300000           
0330001300110Q 011000016353076789THAYANE SILVA DE AVELLAR BARBOSA        RUA SOLDADO IVO DE OLI,176,BL F - APT212VILA KOSMOS    21210010RIO DE JANEIRO RJ0000000000000000                                        000000000000                   
0330001300111P 010001001301476520130147652  0000000087858511  0000000000087850112201700000000001776700000 02N270520173000000000000000000000000000000000000000000000000000000000000000000000000000000000000000000000000008785000300000           
0330001300112Q 011000016353076789THAYANE SILVA DE AVELLAR BARBOSA        RUA SOLDADO IVO DE OLI,176,BL F - APT212VILA KOSMOS    21210010RIO DE JANEIRO RJ0000000000000000                                        000000000000                   
0330001300113P 010001001301476520130147652  0000000088366511  0000000000088361007201700000000005521100000 02N270520173000000000000000000000000000000000000000000000000000000000000000000000000000000000000000000000000008836000300000           
0330001300114Q 011000077064267772ROSANGELA RIBEIRO DA FONSECA            RUA SOLDADO IVO DE OLIVEIRA,415,APT 101 VILA KOSMOS    21210010RIO DE JANEIRO RJ0000000000000000                                        000000000000                   
0330001300115P 010001001301476520130147652  0000000088374511  0000000000088371008201700000000005521100000 02N270520173000000000000000000000000000000000000000000000000000000000000000000000000000000000000000000000000008837000300000           
0330001300116Q 011000077064267772ROSANGELA RIBEIRO DA FONSECA            RUA SOLDADO IVO DE OLIVEIRA,415,APT 101 VILA KOSMOS    21210010RIO DE JANEIRO RJ0000000000000000                                        000000000000                   
0330001300117P 010001001301476520130147652  0000000088382511  0000000000088381009201700000000005521100000 02N270520173000000000000000000000000000000000000000000000000000000000000000000000000000000000000000000000000008838000300000           
0330001300118Q 011000077064267772ROSANGELA RIBEIRO DA FONSECA            RUA SOLDADO IVO DE OLIVEIRA,415,APT 101 VILA KOSMOS    21210010RIO DE JANEIRO RJ0000000000000000                                        000000000000                   
0330001300119P 010001001301476520130147652  0000000088391511  0000000000088391010201700000000005521100000 02N270520173000000000000000000000000000000000000000000000000000000000000000000000000000000000000000000000000008839000300000           
0330001300120Q 011000077064267772ROSANGELA RIBEIRO DA FONSECA            RUA SOLDADO IVO DE OLIVEIRA,415,APT 101 VILA KOSMOS    21210010RIO DE JANEIRO RJ0000000000000000                                        000000000000                   
0330001300121P 010001001301476520130147652  0000000088404511  0000000000088401011201700000000005521100000 02N270520173000000000000000000000000000000000000000000000000000000000000000000000000000000000000000000000000008840000300000           
0330001300122Q 011000077064267772ROSANGELA RIBEIRO DA FONSECA            RUA SOLDADO IVO DE OLIVEIRA,415,APT 101 VILA KOSMOS    21210010RIO DE JANEIRO RJ0000000000000000                                        000000000000                   
0330001300123P 010001001301476520130147652  0000000088412511  0000000000088411012201700000000005521100000 02N270520173000000000000000000000000000000000000000000000000000000000000000000000000000000000000000000000000008841000300000           
0330001300124Q 011000077064267772ROSANGELA RIBEIRO DA FONSECA            RUA SOLDADO IVO DE OLIVEIRA,415,APT 101 VILA KOSMOS    21210010RIO DE JANEIRO RJ0000000000000000                                        000000000000                   
0330001300125P 010001001301476520130147652  0000000087866511  0000000000087860106201700000000002523700000 02N270520173000000000000000000000000000000000000000000000000000000000000000000000000000000000000000000000000008786000300000           
0330001300126Q 011000003333932792SERGIO VICENTE GUIMARAES                ALAMEDA ANCHIETA,11,C/03                CHACARAS RIO-PE25215210DUQUE DE CAXIASRJ0000000000000000                                        000000000000                   
0330001300127P 010001001301476520130147652  0000000087874511  0000000000087870107201700000000002523700000 02N270520173000000000000000000000000000000000000000000000000000000000000000000000000000000000000000000000000008787000300000           
0330001300128Q 011000003333932792SERGIO VICENTE GUIMARAES                ALAMEDA ANCHIETA,11,C/03                CHACARAS RIO-PE25215210DUQUE DE CAXIASRJ0000000000000000                                        000000000000                   
0330001300129P 010001001301476520130147652  0000000087882511  0000000000087880108201700000000002523700000 02N270520173000000000000000000000000000000000000000000000000000000000000000000000000000000000000000000000000008788000300000           
0330001300130Q 011000003333932792SERGIO VICENTE GUIMARAES                ALAMEDA ANCHIETA,11,C/03                CHACARAS RIO-PE25215210DUQUE DE CAXIASRJ0000000000000000                                        000000000000                   
0330001300131P 010001001301476520130147652  0000000087891511  0000000000087890109201700000000002523700000 02N270520173000000000000000000000000000000000000000000000000000000000000000000000000000000000000000000000000008789000300000           
0330001300132Q 011000003333932792SERGIO VICENTE GUIMARAES                ALAMEDA ANCHIETA,11,C/03                CHACARAS RIO-PE25215210DUQUE DE CAXIASRJ0000000000000000                                        000000000000                   
0330001300133P 010001001301476520130147652  0000000087904511  0000000000087900110201700000000002523700000 02N270520173000000000000000000000000000000000000000000000000000000000000000000000000000000000000000000000000008790000300000           
0330001300134Q 011000003333932792SERGIO VICENTE GUIMARAES                ALAMEDA ANCHIETA,11,C/03                CHACARAS RIO-PE25215210DUQUE DE CAXIASRJ0000000000000000                                        000000000000                   
0330001300135P 010001001301476520130147652  0000000087912511  0000000000087910111201700000000002523700000 02N270520173000000000000000000000000000000000000000000000000000000000000000000000000000000000000000000000000008791000300000           
0330001300136Q 011000003333932792SERGIO VICENTE GUIMARAES                ALAMEDA ANCHIETA,11,C/03                CHACARAS RIO-PE25215210DUQUE DE CAXIASRJ0000000000000000                                        000000000000                   
0330001300137P 010001001301476520130147652  0000000087921511  0000000000087920112201700000000002523700000 02N270520173000000000000000000000000000000000000000000000000000000000000000000000000000000000000000000000000008792000300000           
0330001300138Q 011000003333932792SERGIO VICENTE GUIMARAES                ALAMEDA ANCHIETA,11,C/03                CHACARAS RIO-PE25215210DUQUE DE CAXIASRJ0000000000000000                                        000000000000                   
0330001300139P 010001001301476520130147652  0000000088421511  0000000000088421007201700000000002450100000 02N270520173000000000000000000000000000000000000000000000000000000000000000000000000000000000000000000000000008842000300000           
0330001300140Q 011000008976049705AMANADA SIQUEIRA DA SILVA               AVENIDA PASTOR MART,4676,BL 01 - APT 104TOMAS COELHO   21220300RIO DE JANEIRO RJ0000000000000000                                        000000000000                   
0330001300141P 010001001301476520130147652  0000000088439511  0000000000088431008201700000000002450100000 02N270520173000000000000000000000000000000000000000000000000000000000000000000000000000000000000000000000000008843000300000           
0330001300142Q 011000008976049705AMANADA SIQUEIRA DA SILVA               AVENIDA PASTOR MART,4676,BL 01 - APT 104TOMAS COELHO   21220300RIO DE JANEIRO RJ0000000000000000                                        000000000000                   
0330001300143P 010001001301476520130147652  0000000088447511  0000000000088441009201700000000002450100000 02N270520173000000000000000000000000000000000000000000000000000000000000000000000000000000000000000000000000008844000300000           
0330001300144Q 011000008976049705AMANADA SIQUEIRA DA SILVA               AVENIDA PASTOR MART,4676,BL 01 - APT 104TOMAS COELHO   21220300RIO DE JANEIRO RJ0000000000000000                                        000000000000                   
0330001300145P 010001001301476520130147652  0000000088455511  0000000000088451010201700000000002450100000 02N270520173000000000000000000000000000000000000000000000000000000000000000000000000000000000000000000000000008845000300000           
0330001300146Q 011000008976049705AMANADA SIQUEIRA DA SILVA               AVENIDA PASTOR MART,4676,BL 01 - APT 104TOMAS COELHO   21220300RIO DE JANEIRO RJ0000000000000000                                        000000000000                   
0330001300147P 010001001301476520130147652  0000000088463511  0000000000088461011201700000000002450100000 02N270520173000000000000000000000000000000000000000000000000000000000000000000000000000000000000000000000000008846000300000           
0330001300148Q 011000008976049705AMANADA SIQUEIRA DA SILVA               AVENIDA PASTOR MART,4676,BL 01 - APT 104TOMAS COELHO   21220300RIO DE JANEIRO RJ0000000000000000                                        000000000000                   
0330001300149P 010001001301476520130147652  0000000088471511  0000000000088471012201700000000002450100000 02N270520173000000000000000000000000000000000000000000000000000000000000000000000000000000000000000000000000008847000300000           
0330001300150Q 011000008976049705AMANADA SIQUEIRA DA SILVA               AVENIDA PASTOR MART,4676,BL 01 - APT 104TOMAS COELHO   21220300RIO DE JANEIRO RJ0000000000000000                                        000000000000                   
03300015         000152                                                                                                                                                                                                                         
03399999         000001000154                                                                                                                                                                                                                   