03300000        2049938327000106000100001201344                         UBRASP - UNIAO BRASILEIRA     Banco Santander                         127052017      000092040                                                                          
03300011R01  030 2049938327000106                    000100001201344     UBRASP - UNIAO BRASILEIRA                                                                                     0000000127052017                                         
0330001300001P 010001001301476520130147652  0000000088481511  0000000000088480707201700000000006000600000 02N270520173000000000000000000000000000000000000000000000000000000000000000000000000000000000000000000000000008848000300000           
0330001300002Q 011000053551842787SELMA COUTINHO RIBEIRO                  AVENIDA PRESIDENTE VARGAS,542,SALA 506  CENTRO?        20071901RIO DE JANEIRO RJ0000000000000000                                        000000000000                   
0330001300003P 010001001301476520130147652  0000000088498511  0000000000088490708201700000000006000600000 02N270520173000000000000000000000000000000000000000000000000000000000000000000000000000000000000000000000000008849000300000           
0330001300004Q 011000053551842787SELMA COUTINHO RIBEIRO                  AVENIDA PRESIDENTE VARGAS,542,SALA 506  CENTRO?        20071901RIO DE JANEIRO RJ0000000000000000                                        000000000000                   
0330001300005P 010001001301476520130147652  0000000088501511  0000000000088500709201700000000006000600000 02N270520173000000000000000000000000000000000000000000000000000000000000000000000000000000000000000000000000008850000300000           
0330001300006Q 011000053551842787SELMA COUTINHO RIBEIRO                  AVENIDA PRESIDENTE VARGAS,542,SALA 506  CENTRO?        20071901RIO DE JANEIRO RJ0000000000000000                                        000000000000                   
0330001300007P 010001001301476520130147652  0000000088511511  0000000000088510710201700000000006000600000 02N270520173000000000000000000000000000000000000000000000000000000000000000000000000000000000000000000000000008851000300000           
0330001300008Q 011000053551842787SELMA COUTINHO RIBEIRO                  AVENIDA PRESIDENTE VARGAS,542,SALA 506  CENTRO?        20071901RIO DE JANEIRO RJ0000000000000000                                        000000000000                   
0330001300009P 010001001301476520130147652  0000000088528511  0000000000088520711201700000000006000600000 02N270520173000000000000000000000000000000000000000000000000000000000000000000000000000000000000000000000000008852000300000           
0330001300010Q 011000053551842787SELMA COUTINHO RIBEIRO                  AVENIDA PRESIDENTE VARGAS,542,SALA 506  CENTRO?        20071901RIO DE JANEIRO RJ0000000000000000                                        000000000000                   
0330001300011P 010001001301476520130147652  0000000088536511  0000000000088530712201700000000006000600000 02N270520173000000000000000000000000000000000000000000000000000000000000000000000000000000000000000000000000008853000300000           
0330001300012Q 011000053551842787SELMA COUTINHO RIBEIRO                  AVENIDA PRESIDENTE VARGAS,542,SALA 506  CENTRO?        20071901RIO DE JANEIRO RJ0000000000000000                                        000000000000                   
0330001300013P 010001001301476520130147652  0000000088757511  0000000000088751007201700000000011615900000 02N270520173000000000000000000000000000000000000000000000000000000000000000000000000000000000000000000000000008875000300000           
0330001300014Q 011000026200708720LIZETE ASSUNCAO SOBRAL                  ESTRADA DE MARACAI,525,CA7              ALTO DA BOA VIS20531690RIO DE JANEIRO RJ0000000000000000                                        000000000000                   
0330001300015P 010001001301476520130147652  0000000088765511  0000000000088761008201700000000011615900000 02N270520173000000000000000000000000000000000000000000000000000000000000000000000000000000000000000000000000008876000300000           
0330001300016Q 011000026200708720LIZETE ASSUNCAO SOBRAL                  ESTRADA DE MARACAI,525,CA7              ALTO DA BOA VIS20531690RIO DE JANEIRO RJ0000000000000000                                        000000000000                   
0330001300017P 010001001301476520130147652  0000000088773511  0000000000088771009201700000000011615900000 02N270520173000000000000000000000000000000000000000000000000000000000000000000000000000000000000000000000000008877000300000           
0330001300018Q 011000026200708720LIZETE ASSUNCAO SOBRAL                  ESTRADA DE MARACAI,525,CA7              ALTO DA BOA VIS20531690RIO DE JANEIRO RJ0000000000000000                                        000000000000                   
0330001300019P 010001001301476520130147652  0000000088781511  0000000000088781010201700000000011615900000 02N270520173000000000000000000000000000000000000000000000000000000000000000000000000000000000000000000000000008878000300000           
0330001300020Q 011000026200708720LIZETE ASSUNCAO SOBRAL                  ESTRADA DE MARACAI,525,CA7              ALTO DA BOA VIS20531690RIO DE JANEIRO RJ0000000000000000                                        000000000000                   
0330001300021P 010001001301476520130147652  0000000088791511  0000000000088791011201700000000011615900000 02N270520173000000000000000000000000000000000000000000000000000000000000000000000000000000000000000000000000008879000300000           
0330001300022Q 011000026200708720LIZETE ASSUNCAO SOBRAL                  ESTRADA DE MARACAI,525,CA7              ALTO DA BOA VIS20531690RIO DE JANEIRO RJ0000000000000000                                        000000000000                   
0330001300023P 010001001301476520130147652  0000000088803511  0000000000088801012201700000000011615900000 02N270520173000000000000000000000000000000000000000000000000000000000000000000000000000000000000000000000000008880000300000           
0330001300024Q 011000026200708720LIZETE ASSUNCAO SOBRAL                  ESTRADA DE MARACAI,525,CA7              ALTO DA BOA VIS20531690RIO DE JANEIRO RJ0000000000000000                                        000000000000                   
0330001300025P 010001001301476520130147652  0000000088811511  0000000000088811007201700000000008778400000 02N270520173000000000000000000000000000000000000000000000000000000000000000000000000000000000000000000000000008881000300000           
0330001300026Q 011000007391026727MARILDA MOURA DIAS SUARES               RUA PEDRO AMERICO,225,APT 202           CATETE         22211200RIO DE JANEIRO RJ0000000000000000                                        000000000000                   
0330001300027P 010001001301476520130147652  0000000088821511  0000000000088821008201700000000008778400000 02N270520173000000000000000000000000000000000000000000000000000000000000000000000000000000000000000000000000008882000300000           
0330001300028Q 011000007391026727MARILDA MOURA DIAS SUARES               RUA PEDRO AMERICO,225,APT 202           CATETE         22211200RIO DE JANEIRO RJ0000000000000000                                        000000000000                   
0330001300029P 010001001301476520130147652  0000000088838511  0000000000088831009201700000000008778400000 02N270520173000000000000000000000000000000000000000000000000000000000000000000000000000000000000000000000000008883000300000           
0330001300030Q 011000007391026727MARILDA MOURA DIAS SUARES               RUA PEDRO AMERICO,225,APT 202           CATETE         22211200RIO DE JANEIRO RJ0000000000000000                                        000000000000                   
0330001300031P 010001001301476520130147652  0000000088846511  0000000000088841010201700000000008778400000 02N270520173000000000000000000000000000000000000000000000000000000000000000000000000000000000000000000000000008884000300000           
0330001300032Q 011000007391026727MARILDA MOURA DIAS SUARES               RUA PEDRO AMERICO,225,APT 202           CATETE         22211200RIO DE JANEIRO RJ0000000000000000                                        000000000000                   
0330001300033P 010001001301476520130147652  0000000088854511  0000000000088851011201700000000008778400000 02N270520173000000000000000000000000000000000000000000000000000000000000000000000000000000000000000000000000008885000300000           
0330001300034Q 011000007391026727MARILDA MOURA DIAS SUARES               RUA PEDRO AMERICO,225,APT 202           CATETE         22211200RIO DE JANEIRO RJ0000000000000000                                        000000000000                   
0330001300035P 010001001301476520130147652  0000000088862511  0000000000088861012201700000000008778400000 02N270520173000000000000000000000000000000000000000000000000000000000000000000000000000000000000000000000000008886000300000           
0330001300036Q 011000007391026727MARILDA MOURA DIAS SUARES               RUA PEDRO AMERICO,225,APT 202           CATETE         22211200RIO DE JANEIRO RJ0000000000000000                                        000000000000                   
0330001300037P 010001001301476520130147652  0000000088871511  0000000000088871007201700000000002817300000 02N270520173000000000000000000000000000000000000000000000000000000000000000000000000000000000000000000000000008887000300000           
0330001300038Q 011000008170140714CAMILE MARIA ANTUNES DA SILVA           RUA MARECHAL BITTENCOU,184,BL 1  APT 101RIACHUELO      20950200RIO DE JANEIRO RJ0000000000000000                                        000000000000                   
0330001300039P 010001001301476520130147652  0000000088889511  0000000000088881008201700000000002817300000 02N270520173000000000000000000000000000000000000000000000000000000000000000000000000000000000000000000000000008888000300000           
0330001300040Q 011000008170140714CAMILE MARIA ANTUNES DA SILVA           RUA MARECHAL BITTENCOU,184,BL 1  APT 101RIACHUELO      20950200RIO DE JANEIRO RJ0000000000000000                                        000000000000                   
0330001300041P 010001001301476520130147652  0000000088897511  0000000000088891009201700000000002817300000 02N270520173000000000000000000000000000000000000000000000000000000000000000000000000000000000000000000000000008889000300000           
0330001300042Q 011000008170140714CAMILE MARIA ANTUNES DA SILVA           RUA MARECHAL BITTENCOU,184,BL 1  APT 101RIACHUELO      20950200RIO DE JANEIRO RJ0000000000000000                                        000000000000                   
0330001300043P 010001001301476520130147652  0000000088901511  0000000000088901010201700000000002817300000 02N270520173000000000000000000000000000000000000000000000000000000000000000000000000000000000000000000000000008890000300000           
0330001300044Q 011000008170140714CAMILE MARIA ANTUNES DA SILVA           RUA MARECHAL BITTENCOU,184,BL 1  APT 101RIACHUELO      20950200RIO DE JANEIRO RJ0000000000000000                                        000000000000                   
0330001300045P 010001001301476520130147652  0000000088919511  0000000000088911011201700000000002817300000 02N270520173000000000000000000000000000000000000000000000000000000000000000000000000000000000000000000000000008891000300000           
0330001300046Q 011000008170140714CAMILE MARIA ANTUNES DA SILVA           RUA MARECHAL BITTENCOU,184,BL 1  APT 101RIACHUELO      20950200RIO DE JANEIRO RJ0000000000000000                                        000000000000                   
0330001300047P 010001001301476520130147652  0000000088927511  0000000000088921012201700000000002817300000 02N270520173000000000000000000000000000000000000000000000000000000000000000000000000000000000000000000000000008892000300000           
0330001300048Q 011000008170140714CAMILE MARIA ANTUNES DA SILVA           RUA MARECHAL BITTENCOU,184,BL 1  APT 101RIACHUELO      20950200RIO DE JANEIRO RJ0000000000000000                                        000000000000                   
0330001300049P 010001001301476520130147652  0000000088935511  0000000000088931007201700000000002193000000 02N270520173000000000000000000000000000000000000000000000000000000000000000000000000000000000000000000000000008893000300000           
0330001300050Q 011000007232964722MARIANE DE JESUS ALVES                  RUA MANICARIA,204,APT 301               CURICICA       22780806RIO DE JANEIRO RJ0000000000000000                                        000000000000                   
0330001300051P 010001001301476520130147652  0000000088943511  0000000000088941008201700000000002193000000 02N270520173000000000000000000000000000000000000000000000000000000000000000000000000000000000000000000000000008894000300000           
0330001300052Q 011000007232964722MARIANE DE JESUS ALVES                  RUA MANICARIA,204,APT 301               CURICICA       22780806RIO DE JANEIRO RJ0000000000000000                                        000000000000                   
0330001300053P 010001001301476520130147652  0000000088951511  0000000000088951009201700000000002193000000 02N270520173000000000000000000000000000000000000000000000000000000000000000000000000000000000000000000000000008895000300000           
0330001300054Q 011000007232964722MARIANE DE JESUS ALVES                  RUA MANICARIA,204,APT 301               CURICICA       22780806RIO DE JANEIRO RJ0000000000000000                                        000000000000                   
0330001300055P 010001001301476520130147652  0000000088961511  0000000000088961010201700000000002193000000 02N270520173000000000000000000000000000000000000000000000000000000000000000000000000000000000000000000000000008896000300000           
0330001300056Q 011000007232964722MARIANE DE JESUS ALVES                  RUA MANICARIA,204,APT 301               CURICICA       22780806RIO DE JANEIRO RJ0000000000000000                                        000000000000                   
0330001300057P 010001001301476520130147652  0000000088978511  0000000000088971011201700000000002193000000 02N270520173000000000000000000000000000000000000000000000000000000000000000000000000000000000000000000000000008897000300000           
0330001300058Q 011000007232964722MARIANE DE JESUS ALVES                  RUA MANICARIA,204,APT 301               CURICICA       22780806RIO DE JANEIRO RJ0000000000000000                                        000000000000                   
0330001300059P 010001001301476520130147652  0000000088986511  0000000000088981012201700000000002193000000 02N270520173000000000000000000000000000000000000000000000000000000000000000000000000000000000000000000000000008898000300000           
0330001300060Q 011000007232964722MARIANE DE JESUS ALVES                  RUA MANICARIA,204,APT 301               CURICICA       22780806RIO DE JANEIRO RJ0000000000000000                                        000000000000                   
0330001300061P 010001001301476520130147652  0000000088994511  0000000000088991007201700000000001884300000 02N270520173000000000000000000000000000000000000000000000000000000000000000000000000000000000000000000000000008899000300000           
0330001300062Q 011000011984788701EDUARDO PEREIRA DE SOUSA FREITAS        RUA DA MATRIZ,46,APT 204                BOTAFOGO       22260100RIO DE JANEIRO RJ0000000000000000                                        000000000000                   
0330001300063P 010001001301476520130147652  0000000089001511  0000000000089001008201700000000001884300000 02N270520173000000000000000000000000000000000000000000000000000000000000000000000000000000000000000000000000008900000300000           
0330001300064Q 011000011984788701EDUARDO PEREIRA DE SOUSA FREITAS        RUA DA MATRIZ,46,APT 204                BOTAFOGO       22260100RIO DE JANEIRO RJ0000000000000000                                        000000000000                   
0330001300065P 010001001301476520130147652  0000000089011511  0000000000089011009201700000000001884300000 02N270520173000000000000000000000000000000000000000000000000000000000000000000000000000000000000000000000000008901000300000           
0330001300066Q 011000011984788701EDUARDO PEREIRA DE SOUSA FREITAS        RUA DA MATRIZ,46,APT 204                BOTAFOGO       22260100RIO DE JANEIRO RJ0000000000000000                                        000000000000                   
0330001300067P 010001001301476520130147652  0000000089028511  0000000000089021010201700000000001884300000 02N270520173000000000000000000000000000000000000000000000000000000000000000000000000000000000000000000000000008902000300000           
0330001300068Q 011000011984788701EDUARDO PEREIRA DE SOUSA FREITAS        RUA DA MATRIZ,46,APT 204                BOTAFOGO       22260100RIO DE JANEIRO RJ0000000000000000                                        000000000000                   
0330001300069P 010001001301476520130147652  0000000089036511  0000000000089031011201700000000001884300000 02N270520173000000000000000000000000000000000000000000000000000000000000000000000000000000000000000000000000008903000300000           
0330001300070Q 011000011984788701EDUARDO PEREIRA DE SOUSA FREITAS        RUA DA MATRIZ,46,APT 204                BOTAFOGO       22260100RIO DE JANEIRO RJ0000000000000000                                        000000000000                   
0330001300071P 010001001301476520130147652  0000000089044511  0000000000089041012201700000000001884300000 02N270520173000000000000000000000000000000000000000000000000000000000000000000000000000000000000000000000000008904000300000           
0330001300072Q 011000011984788701EDUARDO PEREIRA DE SOUSA FREITAS        RUA DA MATRIZ,46,APT 204                BOTAFOGO       22260100RIO DE JANEIRO RJ0000000000000000                                        000000000000                   
0330001300073P 010001001301476520130147652  0000000088684511  0000000000088680706201700000000003019900000 02N270520173000000000000000000000000000000000000000000000000000000000000000000000000000000000000000000000000008868000300000           
0330001300074Q 011000015748131706RAFAELA ALVES RICARDO                   RUA POCINHOS,00,AP 201 LT15 - QUADRA 67 COSMOS         23060030RIO DE JANEIRO RJ0000000000000000                                        000000000000                   
0330001300075P 010001001301476520130147652  0000000088692511  0000000000088690707201700000000003019900000 02N270520173000000000000000000000000000000000000000000000000000000000000000000000000000000000000000000000000008869000300000           
0330001300076Q 011000015748131706RAFAELA ALVES RICARDO                   RUA POCINHOS,00,AP 201 LT15 - QUADRA 67 COSMOS         23060030RIO DE JANEIRO RJ0000000000000000                                        000000000000                   
0330001300077P 010001001301476520130147652  0000000088706511  0000000000088700708201700000000003019900000 02N270520173000000000000000000000000000000000000000000000000000000000000000000000000000000000000000000000000008870000300000           
0330001300078Q 011000015748131706RAFAELA ALVES RICARDO                   RUA POCINHOS,00,AP 201 LT15 - QUADRA 67 COSMOS         23060030RIO DE JANEIRO RJ0000000000000000                                        000000000000                   
0330001300079P 010001001301476520130147652  0000000088714511  0000000000088710709201700000000003019900000 02N270520173000000000000000000000000000000000000000000000000000000000000000000000000000000000000000000000000008871000300000           
0330001300080Q 011000015748131706RAFAELA ALVES RICARDO                   RUA POCINHOS,00,AP 201 LT15 - QUADRA 67 COSMOS         23060030RIO DE JANEIRO RJ0000000000000000                                        000000000000                   
0330001300081P 010001001301476520130147652  0000000088722511  0000000000088720710201700000000003019900000 02N270520173000000000000000000000000000000000000000000000000000000000000000000000000000000000000000000000000008872000300000           
0330001300082Q 011000015748131706RAFAELA ALVES RICARDO                   RUA POCINHOS,00,AP 201 LT15 - QUADRA 67 COSMOS         23060030RIO DE JANEIRO RJ0000000000000000                                        000000000000                   
0330001300083P 010001001301476520130147652  0000000088731511  0000000000088730711201700000000003019900000 02N270520173000000000000000000000000000000000000000000000000000000000000000000000000000000000000000000000000008873000300000           
0330001300084Q 011000015748131706RAFAELA ALVES RICARDO                   RUA POCINHOS,00,AP 201 LT15 - QUADRA 67 COSMOS         23060030RIO DE JANEIRO RJ0000000000000000                                        000000000000                   
0330001300085P 010001001301476520130147652  0000000088749511  0000000000088740712201700000000003019900000 02N270520173000000000000000000000000000000000000000000000000000000000000000000000000000000000000000000000000008874000300000           
0330001300086Q 011000015748131706RAFAELA ALVES RICARDO                   RUA POCINHOS,00,AP 201 LT15 - QUADRA 67 COSMOS         23060030RIO DE JANEIRO RJ0000000000000000                                        000000000000                   
0330001300087P 010001001301476520130147652  0000000089052511  0000000000089051007201700000000005903100000 02N270520173000000000000000000000000000000000000000000000000000000000000000000000000000000000000000000000000008905000300000           
0330001300088Q 011000002526044740VANESSA MEIRELLES DA CUNHA MELO         AVENIDA NOSSA SENHORA DE CO,986,APT 1101COPACABANA     22060002RIO DE JANEIRO RJ0000000000000000                                        000000000000                   
0330001300089P 010001001301476520130147652  0000000089061511  0000000000089061008201700000000005903100000 02N270520173000000000000000000000000000000000000000000000000000000000000000000000000000000000000000000000000008906000300000           
0330001300090Q 011000002526044740VANESSA MEIRELLES DA CUNHA MELO         AVENIDA NOSSA SENHORA DE CO,986,APT 1101COPACABANA     22060002RIO DE JANEIRO RJ0000000000000000                                        000000000000                   
0330001300091P 010001001301476520130147652  0000000089079511  0000000000089071009201700000000005903100000 02N270520173000000000000000000000000000000000000000000000000000000000000000000000000000000000000000000000000008907000300000           
0330001300092Q 011000002526044740VANESSA MEIRELLES DA CUNHA MELO         AVENIDA NOSSA SENHORA DE CO,986,APT 1101COPACABANA     22060002RIO DE JANEIRO RJ0000000000000000                                        000000000000                   
0330001300093P 010001001301476520130147652  0000000089087511  0000000000089081010201700000000005903100000 02N270520173000000000000000000000000000000000000000000000000000000000000000000000000000000000000000000000000008908000300000           
0330001300094Q 011000002526044740VANESSA MEIRELLES DA CUNHA MELO         AVENIDA NOSSA SENHORA DE CO,986,APT 1101COPACABANA     22060002RIO DE JANEIRO RJ0000000000000000                                        000000000000                   
0330001300095P 010001001301476520130147652  0000000089095511  0000000000089091011201700000000005903100000 02N270520173000000000000000000000000000000000000000000000000000000000000000000000000000000000000000000000000008909000300000           
0330001300096Q 011000002526044740VANESSA MEIRELLES DA CUNHA MELO         AVENIDA NOSSA SENHORA DE CO,986,APT 1101COPACABANA     22060002RIO DE JANEIRO RJ0000000000000000                                        000000000000                   
0330001300097P 010001001301476520130147652  0000000089109511  0000000000089101012201700000000005903100000 02N270520173000000000000000000000000000000000000000000000000000000000000000000000000000000000000000000000000008910000300000           
0330001300098Q 011000002526044740VANESSA MEIRELLES DA CUNHA MELO         AVENIDA NOSSA SENHORA DE CO,986,APT 1101COPACABANA     22060002RIO DE JANEIRO RJ0000000000000000                                        000000000000                   
0330001300099P 010001001301476520130147652  0000000088544511  0000000000088540106201700000000001776700000 02N270520173000000000000000000000000000000000000000000000000000000000000000000000000000000000000000000000000008854000300000           
0330001300100Q 011000016353076789THAYANE SILVA DE AVELLAR BARBOSA        RUA SOLDADO IVO DE OLI,176,BL F - APT212VILA KOSMOS    21210010RIO DE JANEIRO RJ0000000000000000                                        000000000000                   
0330001300101P 010001001301476520130147652  0000000088552511  0000000000088550107201700000000001776700000 02N270520173000000000000000000000000000000000000000000000000000000000000000000000000000000000000000000000000008855000300000           
0330001300102Q 011000016353076789THAYANE SILVA DE AVELLAR BARBOSA        RUA SOLDADO IVO DE OLI,176,BL F - APT212VILA KOSMOS    21210010RIO DE JANEIRO RJ0000000000000000                                        000000000000                   
0330001300103P 010001001301476520130147652  0000000088561511  0000000000088560108201700000000001776700000 02N270520173000000000000000000000000000000000000000000000000000000000000000000000000000000000000000000000000008856000300000           
0330001300104Q 011000016353076789THAYANE SILVA DE AVELLAR BARBOSA        RUA SOLDADO IVO DE OLI,176,BL F - APT212VILA KOSMOS    21210010RIO DE JANEIRO RJ0000000000000000                                        000000000000                   
0330001300105P 010001001301476520130147652  0000000088579511  0000000000088570109201700000000001776700000 02N270520173000000000000000000000000000000000000000000000000000000000000000000000000000000000000000000000000008857000300000           
0330001300106Q 011000016353076789THAYANE SILVA DE AVELLAR BARBOSA        RUA SOLDADO IVO DE OLI,176,BL F - APT212VILA KOSMOS    21210010RIO DE JANEIRO RJ0000000000000000                                        000000000000                   
0330001300107P 010001001301476520130147652  0000000088587511  0000000000088580110201700000000001776700000 02N270520173000000000000000000000000000000000000000000000000000000000000000000000000000000000000000000000000008858000300000           
0330001300108Q 011000016353076789THAYANE SILVA DE AVELLAR BARBOSA        RUA SOLDADO IVO DE OLI,176,BL F - APT212VILA KOSMOS    21210010RIO DE JANEIRO RJ0000000000000000                                        000000000000                   
0330001300109P 010001001301476520130147652  0000000088595511  0000000000088590111201700000000001776700000 02N270520173000000000000000000000000000000000000000000000000000000000000000000000000000000000000000000000000008859000300000           
0330001300110Q 011000016353076789THAYANE SILVA DE AVELLAR BARBOSA        RUA SOLDADO IVO DE OLI,176,BL F - APT212VILA KOSMOS    21210010RIO DE JANEIRO RJ0000000000000000                                        000000000000                   
0330001300111P 010001001301476520130147652  0000000088609511  0000000000088600112201700000000001776700000 02N270520173000000000000000000000000000000000000000000000000000000000000000000000000000000000000000000000000008860000300000           
0330001300112Q 011000016353076789THAYANE SILVA DE AVELLAR BARBOSA        RUA SOLDADO IVO DE OLI,176,BL F - APT212VILA KOSMOS    21210010RIO DE JANEIRO RJ0000000000000000                                        000000000000                   
0330001300113P 010001001301476520130147652  0000000089117511  0000000000089111007201700000000005521100000 02N270520173000000000000000000000000000000000000000000000000000000000000000000000000000000000000000000000000008911000300000           
0330001300114Q 011000077064267772ROSANGELA RIBEIRO DA FONSECA            RUA SOLDADO IVO DE OLIVEIRA,415,APT 101 VILA KOSMOS    21210010RIO DE JANEIRO RJ0000000000000000                                        000000000000                   
0330001300115P 010001001301476520130147652  0000000089125511  0000000000089121008201700000000005521100000 02N270520173000000000000000000000000000000000000000000000000000000000000000000000000000000000000000000000000008912000300000           
0330001300116Q 011000077064267772ROSANGELA RIBEIRO DA FONSECA            RUA SOLDADO IVO DE OLIVEIRA,415,APT 101 VILA KOSMOS    21210010RIO DE JANEIRO RJ0000000000000000                                        000000000000                   
0330001300117P 010001001301476520130147652  0000000089133511  0000000000089131009201700000000005521100000 02N270520173000000000000000000000000000000000000000000000000000000000000000000000000000000000000000000000000008913000300000           
0330001300118Q 011000077064267772ROSANGELA RIBEIRO DA FONSECA            RUA SOLDADO IVO DE OLIVEIRA,415,APT 101 VILA KOSMOS    21210010RIO DE JANEIRO RJ0000000000000000                                        000000000000                   
0330001300119P 010001001301476520130147652  0000000089141511  0000000000089141010201700000000005521100000 02N270520173000000000000000000000000000000000000000000000000000000000000000000000000000000000000000000000000008914000300000           
0330001300120Q 011000077064267772ROSANGELA RIBEIRO DA FONSECA            RUA SOLDADO IVO DE OLIVEIRA,415,APT 101 VILA KOSMOS    21210010RIO DE JANEIRO RJ0000000000000000                                        000000000000                   
0330001300121P 010001001301476520130147652  0000000089151511  0000000000089151011201700000000005521100000 02N270520173000000000000000000000000000000000000000000000000000000000000000000000000000000000000000000000000008915000300000           
0330001300122Q 011000077064267772ROSANGELA RIBEIRO DA FONSECA            RUA SOLDADO IVO DE OLIVEIRA,415,APT 101 VILA KOSMOS    21210010RIO DE JANEIRO RJ0000000000000000                                        000000000000                   
0330001300123P 010001001301476520130147652  0000000089168511  0000000000089161012201700000000005521100000 02N270520173000000000000000000000000000000000000000000000000000000000000000000000000000000000000000000000000008916000300000           
0330001300124Q 011000077064267772ROSANGELA RIBEIRO DA FONSECA            RUA SOLDADO IVO DE OLIVEIRA,415,APT 101 VILA KOSMOS    21210010RIO DE JANEIRO RJ0000000000000000                                        000000000000                   
0330001300125P 010001001301476520130147652  0000000088617511  0000000000088610106201700000000002523700000 02N270520173000000000000000000000000000000000000000000000000000000000000000000000000000000000000000000000000008861000300000           
0330001300126Q 011000003333932792SERGIO VICENTE GUIMARAES                ALAMEDA ANCHIETA,11,C/03                CHACARAS RIO-PE25215210DUQUE DE CAXIASRJ0000000000000000                                        000000000000                   
0330001300127P 010001001301476520130147652  0000000088625511  0000000000088620107201700000000002523700000 02N270520173000000000000000000000000000000000000000000000000000000000000000000000000000000000000000000000000008862000300000           
0330001300128Q 011000003333932792SERGIO VICENTE GUIMARAES                ALAMEDA ANCHIETA,11,C/03                CHACARAS RIO-PE25215210DUQUE DE CAXIASRJ0000000000000000                                        000000000000                   
0330001300129P 010001001301476520130147652  0000000088633511  0000000000088630108201700000000002523700000 02N270520173000000000000000000000000000000000000000000000000000000000000000000000000000000000000000000000000008863000300000           
0330001300130Q 011000003333932792SERGIO VICENTE GUIMARAES                ALAMEDA ANCHIETA,11,C/03                CHACARAS RIO-PE25215210DUQUE DE CAXIASRJ0000000000000000                                        000000000000                   
0330001300131P 010001001301476520130147652  0000000088641511  0000000000088640109201700000000002523700000 02N270520173000000000000000000000000000000000000000000000000000000000000000000000000000000000000000000000000008864000300000           
0330001300132Q 011000003333932792SERGIO VICENTE GUIMARAES                ALAMEDA ANCHIETA,11,C/03                CHACARAS RIO-PE25215210DUQUE DE CAXIASRJ0000000000000000                                        000000000000                   
0330001300133P 010001001301476520130147652  0000000088651511  0000000000088650110201700000000002523700000 02N270520173000000000000000000000000000000000000000000000000000000000000000000000000000000000000000000000000008865000300000           
0330001300134Q 011000003333932792SERGIO VICENTE GUIMARAES                ALAMEDA ANCHIETA,11,C/03                CHACARAS RIO-PE25215210DUQUE DE CAXIASRJ0000000000000000                                        000000000000                   
0330001300135P 010001001301476520130147652  0000000088668511  0000000000088660111201700000000002523700000 02N270520173000000000000000000000000000000000000000000000000000000000000000000000000000000000000000000000000008866000300000           
0330001300136Q 011000003333932792SERGIO VICENTE GUIMARAES                ALAMEDA ANCHIETA,11,C/03                CHACARAS RIO-PE25215210DUQUE DE CAXIASRJ0000000000000000                                        000000000000                   
0330001300137P 010001001301476520130147652  0000000088676511  0000000000088670112201700000000002523700000 02N270520173000000000000000000000000000000000000000000000000000000000000000000000000000000000000000000000000008867000300000           
0330001300138Q 011000003333932792SERGIO VICENTE GUIMARAES                ALAMEDA ANCHIETA,11,C/03                CHACARAS RIO-PE25215210DUQUE DE CAXIASRJ0000000000000000                                        000000000000                   
0330001300139P 010001001301476520130147652  0000000089176511  0000000000089171007201700000000002450100000 02N270520173000000000000000000000000000000000000000000000000000000000000000000000000000000000000000000000000008917000300000           
0330001300140Q 011000008976049705AMANADA SIQUEIRA DA SILVA               AVENIDA PASTOR MART,4676,BL 01 - APT 104TOMAS COELHO   21220300RIO DE JANEIRO RJ0000000000000000                                        000000000000                   
0330001300141P 010001001301476520130147652  0000000089184511  0000000000089181008201700000000002450100000 02N270520173000000000000000000000000000000000000000000000000000000000000000000000000000000000000000000000000008918000300000           
0330001300142Q 011000008976049705AMANADA SIQUEIRA DA SILVA               AVENIDA PASTOR MART,4676,BL 01 - APT 104TOMAS COELHO   21220300RIO DE JANEIRO RJ0000000000000000                                        000000000000                   
0330001300143P 010001001301476520130147652  0000000089192511  0000000000089191009201700000000002450100000 02N270520173000000000000000000000000000000000000000000000000000000000000000000000000000000000000000000000000008919000300000           
0330001300144Q 011000008976049705AMANADA SIQUEIRA DA SILVA               AVENIDA PASTOR MART,4676,BL 01 - APT 104TOMAS COELHO   21220300RIO DE JANEIRO RJ0000000000000000                                        000000000000                   
0330001300145P 010001001301476520130147652  0000000089206511  0000000000089201010201700000000002450100000 02N270520173000000000000000000000000000000000000000000000000000000000000000000000000000000000000000000000000008920000300000           
0330001300146Q 011000008976049705AMANADA SIQUEIRA DA SILVA               AVENIDA PASTOR MART,4676,BL 01 - APT 104TOMAS COELHO   21220300RIO DE JANEIRO RJ0000000000000000                                        000000000000                   
0330001300147P 010001001301476520130147652  0000000089214511  0000000000089211011201700000000002450100000 02N270520173000000000000000000000000000000000000000000000000000000000000000000000000000000000000000000000000008921000300000           
0330001300148Q 011000008976049705AMANADA SIQUEIRA DA SILVA               AVENIDA PASTOR MART,4676,BL 01 - APT 104TOMAS COELHO   21220300RIO DE JANEIRO RJ0000000000000000                                        000000000000                   
0330001300149P 010001001301476520130147652  0000000089222511  0000000000089221012201700000000002450100000 02N270520173000000000000000000000000000000000000000000000000000000000000000000000000000000000000000000000000008922000300000           
0330001300150Q 011000008976049705AMANADA SIQUEIRA DA SILVA               AVENIDA PASTOR MART,4676,BL 01 - APT 104TOMAS COELHO   21220300RIO DE JANEIRO RJ0000000000000000                                        000000000000                   
03300015         000152                                                                                                                                                                                                                         
03399999         000001000154                                                                                                                                                                                                                   