03300000        2049938327000106000100001201344                         UBRASP - UNIAO BRASILEIRA     Banco Santander                         122122016      000051040                                                                          
03300011R01  030 2049938327000106                    000100001201344     UBRASP - UNIAO BRASILEIRA                                                                                     0000000122122016                                         
0330001300001P 010001001301476520130147652  0000000040461511  0000000000040460701201700000000001649800000 02N201220163000000000000000000000000000000000000000000000000000000000000000000000000000000000000000000000000004046000300000           
0330001300002Q 011000007161537770PATRICIA BEZERRA DO NASCIMENTO          
0330001300003P 010001001301476520130147652  0000000040479511  0000000000040470702201700000000001649800000 02N201220163000000000000000000000000000000000000000000000000000000000000000000000000000000000000000000000000004047000300000           
0330001300004Q 011000007161537770PATRICIA BEZERRA DO NASCIMENTO          
0330001300005P 010001001301476520130147652  0000000040487511  0000000000040480703201700000000001649800000 02N201220163000000000000000000000000000000000000000000000000000000000000000000000000000000000000000000000000004048000300000           
0330001300006Q 011000007161537770PATRICIA BEZERRA DO NASCIMENTO          
0330001300007P 010001001301476520130147652  0000000042315511  0000000000042310701201700000000003725300000 02N201220163000000000000000000000000000000000000000000000000000000000000000000000000000000000000000000000000004231000300000           
0330001300008Q 011000078555027268SUZANA RAMOS ALVES                      
0330001300009P 010001001301476520130147652  0000000042323511  0000000000042320702201700000000003725300000 02N201220163000000000000000000000000000000000000000000000000000000000000000000000000000000000000000000000000004232000300000           
0330001300010Q 011000078555027268SUZANA RAMOS ALVES                      
0330001300011P 010001001301476520130147652  0000000042331511  0000000000042330703201700000000003725300000 02N201220163000000000000000000000000000000000000000000000000000000000000000000000000000000000000000000000000004233000300000           
0330001300012Q 011000078555027268SUZANA RAMOS ALVES                      
0330001300013P 010001001301476520130147652  0000000045837511  0000000000045830701201700000000006518300000 02N221220163000000000000000000000000000000000000000000000000000000000000000000000000000000000000000000000000004583000300000           
0330001300014Q 011000033094918700PAULO ROBERTO SILVA DE OLIVEIRA         ESTRADA CORONEL PEDR,870,BLOCO 02 AP 802JACAREPAGUA    22775090RIO DE JANEIRO RJ0000000000000000                                        000000000000                   
0330001300015P 010001001301476520130147652  0000000045845511  0000000000045840702201700000000006518300000 02N221220163000000000000000000000000000000000000000000000000000000000000000000000000000000000000000000000000004584000300000           
0330001300016Q 011000033094918700PAULO ROBERTO SILVA DE OLIVEIRA         ESTRADA CORONEL PEDR,870,BLOCO 02 AP 802JACAREPAGUA    22775090RIO DE JANEIRO RJ0000000000000000                                        000000000000                   
0330001300017P 010001001301476520130147652  0000000045853511  0000000000045850703201700000000006518300000 02N221220163000000000000000000000000000000000000000000000000000000000000000000000000000000000000000000000000004585000300000           
0330001300018Q 011000033094918700PAULO ROBERTO SILVA DE OLIVEIRA         ESTRADA CORONEL PEDR,870,BLOCO 02 AP 802JACAREPAGUA    22775090RIO DE JANEIRO RJ0000000000000000                                        000000000000                   
0330001300019P 010001001301476520130147652  0000000045861511  0000000000045860701201700000000001851400000 02N221220163000000000000000000000000000000000000000000000000000000000000000000000000000000000000000000000000004586000300000           
0330001300020Q 011000002251340556ZAQUEU MOURA ALCANTARA                  RUA ARQUIAS CORDEIRO,104,CASA           MEIER          20770000RIO DE JANEIRO RJ0000000000000000                                        000000000000                   
0330001300021P 010001001301476520130147652  0000000045871511  0000000000045870702201700000000001851400000 02N221220163000000000000000000000000000000000000000000000000000000000000000000000000000000000000000000000000004587000300000           
0330001300022Q 011000002251340556ZAQUEU MOURA ALCANTARA                  RUA ARQUIAS CORDEIRO,104,CASA           MEIER          20770000RIO DE JANEIRO RJ0000000000000000                                        000000000000                   
0330001300023P 010001001301476520130147652  0000000045888511  0000000000045880703201700000000001851400000 02N221220163000000000000000000000000000000000000000000000000000000000000000000000000000000000000000000000000004588000300000           
0330001300024Q 011000002251340556ZAQUEU MOURA ALCANTARA                  RUA ARQUIAS CORDEIRO,104,CASA           MEIER          20770000RIO DE JANEIRO RJ0000000000000000                                        000000000000                   
0330001300025P 010001001301476520130147652  0000000045896511  0000000000045890701201700000000001853400000 02N221220163000000000000000000000000000000000000000000000000000000000000000000000000000000000000000000000000004589000300000           
0330001300026Q 011000019658562760SOPHIA VITORIA MOURA DA SILVA           RUA ARQUIAS CORDEIRO,104,CASA           MEIER          20770000RIO DE JANEIRO RJ0000000000000000                                        000000000000                   
0330001300027P 010001001301476520130147652  0000000045901511  0000000000045900702201700000000001853400000 02N221220163000000000000000000000000000000000000000000000000000000000000000000000000000000000000000000000000004590000300000           
0330001300028Q 011000019658562760SOPHIA VITORIA MOURA DA SILVA           RUA ARQUIAS CORDEIRO,104,CASA           MEIER          20770000RIO DE JANEIRO RJ0000000000000000                                        000000000000                   
0330001300029P 010001001301476520130147652  0000000045918511  0000000000045910703201700000000001853400000 02N221220163000000000000000000000000000000000000000000000000000000000000000000000000000000000000000000000000004591000300000           
0330001300030Q 011000019658562760SOPHIA VITORIA MOURA DA SILVA           RUA ARQUIAS CORDEIRO,104,CASA           MEIER          20770000RIO DE JANEIRO RJ0000000000000000                                        000000000000                   
0330001300031P 010001001301476520130147652  0000000045926511  0000000000045920701201700000000002797600000 02N221220163000000000000000000000000000000000000000000000000000000000000000000000000000000000000000000000000004592000300000           
0330001300032Q 011000000224121740DENISE FREITAS SALHEBE                  AVENIDA NOSSA SENHORA DE COP,583,AP 1213COPACABANA     22050002RIO DE JANEIRO RJ0000000000000000                                        000000000000                   
0330001300033P 010001001301476520130147652  0000000045934511  0000000000045930702201700000000002797600000 02N221220163000000000000000000000000000000000000000000000000000000000000000000000000000000000000000000000000004593000300000           
0330001300034Q 011000000224121740DENISE FREITAS SALHEBE                  AVENIDA NOSSA SENHORA DE COP,583,AP 1213COPACABANA     22050002RIO DE JANEIRO RJ0000000000000000                                        000000000000                   
0330001300035P 010001001301476520130147652  0000000045942511  0000000000045940703201700000000002797600000 02N221220163000000000000000000000000000000000000000000000000000000000000000000000000000000000000000000000000004594000300000           
0330001300036Q 011000000224121740DENISE FREITAS SALHEBE                  AVENIDA NOSSA SENHORA DE COP,583,AP 1213COPACABANA     22050002RIO DE JANEIRO RJ0000000000000000                                        000000000000                   
0330001300037P 010001001301476520130147652  0000000045951511  0000000000045950701201700000000002093700000 02N221220163000000000000000000000000000000000000000000000000000000000000000000000000000000000000000000000000004595000300000           
0330001300038Q 011000009649569774FELIPE SANDES XAVIER LIMA               RUA PEDRO DE CARVALHO,368,CASA 10       MEIER          20725230RIO DE JANEIRO RJ0000000000000000                                        000000000000                   
0330001300039P 010001001301476520130147652  0000000045969511  0000000000045960702201700000000002093700000 02N221220163000000000000000000000000000000000000000000000000000000000000000000000000000000000000000000000000004596000300000           
0330001300040Q 011000009649569774FELIPE SANDES XAVIER LIMA               RUA PEDRO DE CARVALHO,368,CASA 10       MEIER          20725230RIO DE JANEIRO RJ0000000000000000                                        000000000000                   
0330001300041P 010001001301476520130147652  0000000045977511  0000000000045970703201700000000002093700000 02N221220163000000000000000000000000000000000000000000000000000000000000000000000000000000000000000000000000004597000300000           
0330001300042Q 011000009649569774FELIPE SANDES XAVIER LIMA               RUA PEDRO DE CARVALHO,368,CASA 10       MEIER          20725230RIO DE JANEIRO RJ0000000000000000                                        000000000000                   
0330001300043P 010001001301476520130147652  0000000045985511  0000000000045980701201700000000001897000000 02N221220163000000000000000000000000000000000000000000000000000000000000000000000000000000000000000000000000004598000300000           
0330001300044Q 011000087570750500ROBERTA YUNES SANTOS                    RUA PAULA FREITAS,99,AP 501             COPACABANA     22040010RIO DE JANEIRO RJ0000000000000000                                        000000000000                   
0330001300045P 010001001301476520130147652  0000000045993511  0000000000045990702201700000000001897000000 02N221220163000000000000000000000000000000000000000000000000000000000000000000000000000000000000000000000000004599000300000           
0330001300046Q 011000087570750500ROBERTA YUNES SANTOS                    RUA PAULA FREITAS,99,AP 501             COPACABANA     22040010RIO DE JANEIRO RJ0000000000000000                                        000000000000                   
0330001300047P 010001001301476520130147652  0000000046001511  0000000000046000703201700000000001897000000 02N221220163000000000000000000000000000000000000000000000000000000000000000000000000000000000000000000000000004600000300000           
0330001300048Q 011000087570750500ROBERTA YUNES SANTOS                    RUA PAULA FREITAS,99,AP 501             COPACABANA     22040010RIO DE JANEIRO RJ0000000000000000                                        000000000000                   
0330001300049P 010001001301476520130147652  0000000046019511  0000000000046010701201700000000007593800000 02N221220163000000000000000000000000000000000000000000000000000000000000000000000000000000000000000000000000004601000300000           
0330001300050Q 011000026877708768NECI DOS SANTOS SILVA                   RUA SAINT ROMAN,76,AVESTRUZ  CASA 12    COPACABANA     22071060RIO DE JANEIRO RJ0000000000000000                                        000000000000                   
0330001300051P 010001001301476520130147652  0000000046027511  0000000000046020702201700000000007593800000 02N221220163000000000000000000000000000000000000000000000000000000000000000000000000000000000000000000000000004602000300000           
0330001300052Q 011000026877708768NECI DOS SANTOS SILVA                   RUA SAINT ROMAN,76,AVESTRUZ  CASA 12    COPACABANA     22071060RIO DE JANEIRO RJ0000000000000000                                        000000000000                   
0330001300053P 010001001301476520130147652  0000000046035511  0000000000046030703201700000000007593800000 02N221220163000000000000000000000000000000000000000000000000000000000000000000000000000000000000000000000000004603000300000           
0330001300054Q 011000026877708768NECI DOS SANTOS SILVA                   RUA SAINT ROMAN,76,AVESTRUZ  CASA 12    COPACABANA     22071060RIO DE JANEIRO RJ0000000000000000                                        000000000000                   
0330001300055P 010001001301476520130147652  0000000046043511  0000000000046040701201700000000006602400000 02N221220163000000000000000000000000000000000000000000000000000000000000000000000000000000000000000000000000004604000300000           
0330001300056Q 011000009534305707KARLA SANTOS CIRILLO DE MEDEIROS        RUA EDUARDO CESARE LECINE ,400          RIACHO         26279355NOVA IGUACU    RJ0000000000000000                                        000000000000                   
0330001300057P 010001001301476520130147652  0000000046051511  0000000000046050702201700000000006814300000 02N221220163000000000000000000000000000000000000000000000000000000000000000000000000000000000000000000000000004605000300000           
0330001300058Q 011000009534305707KARLA SANTOS CIRILLO DE MEDEIROS        RUA EDUARDO CESARE LECINE ,400          RIACHO         26279355NOVA IGUACU    RJ0000000000000000                                        000000000000                   
0330001300059P 010001001301476520130147652  0000000046061511  0000000000046060703201700000000006814300000 02N221220163000000000000000000000000000000000000000000000000000000000000000000000000000000000000000000000000004606000300000           
0330001300060Q 011000009534305707KARLA SANTOS CIRILLO DE MEDEIROS        RUA EDUARDO CESARE LECINE ,400          RIACHO         26279355NOVA IGUACU    RJ0000000000000000                                        000000000000                   
0330001300061P 010001001301476520130147652  0000000046078511  0000000000046070701201700000000001391800000 02N221220163000000000000000000000000000000000000000000000000000000000000000000000000000000000000000000000000004607000300000           
0330001300062Q 011000008960818771WELLINGTON LUIS NUNES                   RUA FAMA ,19,AP 102                     REALENGO       21770420RIO DE JANEIRO RJ0000000000000000                                        000000000000                   
0330001300063P 010001001301476520130147652  0000000046086511  0000000000046080702201700000000001391800000 02N221220163000000000000000000000000000000000000000000000000000000000000000000000000000000000000000000000000004608000300000           
0330001300064Q 011000008960818771WELLINGTON LUIS NUNES                   RUA FAMA ,19,AP 102                     REALENGO       21770420RIO DE JANEIRO RJ0000000000000000                                        000000000000                   
0330001300065P 010001001301476520130147652  0000000046094511  0000000000046090703201700000000001391800000 02N221220163000000000000000000000000000000000000000000000000000000000000000000000000000000000000000000000000004609000300000           
0330001300066Q 011000008960818771WELLINGTON LUIS NUNES                   RUA FAMA ,19,AP 102                     REALENGO       21770420RIO DE JANEIRO RJ0000000000000000                                        000000000000                   
0330001300067P 010001001301476520130147652  0000000046108511  0000000000046100701201700000000001433600000 02N221220163000000000000000000000000000000000000000000000000000000000000000000000000000000000000000000000000004610000300000           
0330001300068Q 011000002571301799ROSILAINE DOS SANTOS LIMA               RUA TENEZZI,00,LOTE 18 QUADRA 76        PARQUE FLUMINEN25041360DUQUE DE CAXIASRJ0000000000000000                                        000000000000                   
0330001300069P 010001001301476520130147652  0000000046116511  0000000000046110702201700000000001433600000 02N221220163000000000000000000000000000000000000000000000000000000000000000000000000000000000000000000000000004611000300000           
0330001300070Q 011000002571301799ROSILAINE DOS SANTOS LIMA               RUA TENEZZI,00,LOTE 18 QUADRA 76        PARQUE FLUMINEN25041360DUQUE DE CAXIASRJ0000000000000000                                        000000000000                   
0330001300071P 010001001301476520130147652  0000000046124511  0000000000046120703201700000000001433600000 02N221220163000000000000000000000000000000000000000000000000000000000000000000000000000000000000000000000000004612000300000           
0330001300072Q 011000002571301799ROSILAINE DOS SANTOS LIMA               RUA TENEZZI,00,LOTE 18 QUADRA 76        PARQUE FLUMINEN25041360DUQUE DE CAXIASRJ0000000000000000                                        000000000000                   
03300015         000074                                                                                                                                                                                                                         
03399999         000001000076                                                                                                                                                                                                                   