00100000         249938327000106002887755001417019  0595600000000400378 UBRASP                        BANCO DO BRASIL S.A.                    11910201614512500000000000000                                                                     
00100011R01  000 2049938327000106002887755001417019  0595600000000400378 UBRASP                                                                                                        000000000000000000000000                                 
0010001300001P 010595600000000400378 28877550000002962   10 002962           1709201600000000001631600000 02A1910201611809201600000000000000000000000000000000000000000000000000000000000000000000000000000000000000000029623050000090000000000 
0010001300002Q 011000019464631759PATRICIA MORAES DA COSTA                RUA HENRIQUE FLEIUSS,477,B CASA 07      TIJUCA         20521260RIO DE JANEIRO RJ0000000000000000                                        000                            
0010001300003P 010595600000000400378 28877550000002963   10 002963           1709201600000000001649800000 02A1910201611809201600000000000000000000000000000000000000000000000000000000000000000000000000000000000000000029633050000090000000000 
0010001300004Q 011000046931031368MARIA DE FATIMA DE SOUSA                RUA EUCLIDES DA ROCHA,673,AP 101        COPACABANA     22031100RIO DE JANEIRO RJ0000000000000000                                        000                            
0010001300005P 010595600000000400378 28877550000002964   10 002964           1709201600000000003609000000 02A1910201611809201600000000000000000000000000000000000000000000000000000000000000000000000000000000000000000029643050000090000000000 
0010001300006Q 011000072202165720MARIA APARECIDA PEREIRA COSTA           AVENIDA - LADO IMPAR,1543,CASA 21       BONSUCESSO?    21061021RIO DE JANEIRO RJ0000000000000000                                        000                            
0010001300007P 010595600000000400378 28877550000002965   10 002965           1709201600000000005738400000 02A1910201611809201600000000000000000000000000000000000000000000000000000000000000000000000000000000000000000029653050000090000000000 
0010001300008Q 011000053551842787SELMA COUTINHO RIBEIRO                  AVENIDA PRESIDENTE VARGAS,542,SALA 506  CENTRO?        20071901RIO DE JANEIRO RJ0000000000000000                                        000                            
0010001300009P 010595600000000400378 28877550000002966   10 002966           1709201600000000006604100000 02A1910201611809201600000000000000000000000000000000000000000000000000000000000000000000000000000000000000000029663050000090000000000 
0010001300010Q 011000038665484787CRISTINA MARIA FERREIRA BASTOS          RUA GODOFREDO VIANA,125,BLOCO 01 AP 304 TAQUARA        22730020RIO DE JANEIRO RJ0000000000000000                                        000                            
0010001300011P 010595600000000400378 28877550000002967   10 002967           1709201600000000001391800000 02A1910201611809201600000000000000000000000000000000000000000000000000000000000000000000000000000000000000000029673050000090000000000 
0010001300012Q 011000029437932808SHIRLEIDE BATISTA MENDES                RUA DO BISPO,94,BLOCO 02 AP 1207        RIO COMPRIDO   20261064RIO DE JANEIRO RJ0000000000000000                                        000                            
0010001300013P 010595600000000400378 28877550000002968   10 002968           1709201600000000009755800000 02A1910201611809201600000000000000000000000000000000000000000000000000000000000000000000000000000000000000000029683050000090000000000 
0010001300014Q 011000056424043772RAIMUNDO DIAS FARIAS                    RUA ALBANO,328,CASA 27                  PRACA SECA     22733010RIO DE JANEIRO RJ0000000000000000                                        000                            
0010001300015P 010595600000000400378 28877550000002969   10 002969           1709201600000000001613700000 02A1910201611809201600000000000000000000000000000000000000000000000000000000000000000000000000000000000000000029693050000090000000000 
0010001300016Q 011000014414954797FABIANO CHAGAS CORDEIRO                 RUA AROAZES,195,AP  906                 JACAREPAGUA    22775060RIO DE JANEIRO RJ0000000000000000                                        000                            
0010001300017P 010595600000000400378 28877550000002970   10 002970           1709201600000000002705700000 02A1910201611809201600000000000000000000000000000000000000000000000000000000000000000000000000000000000000000029703050000090000000000 
0010001300018Q 011000007813895770SILVANI JOSE DE SOUSA                   AVENIDA AUGUSTO SEVERO,292,AP 904       GLORIA         20021040RIO DE JANEIRO RJ0000000000000000                                        000                            
0010001300019P 010595600000000400378 28877550000002971   10 002971           1709201600000000002093700000 02A1910201611809201600000000000000000000000000000000000000000000000000000000000000000000000000000000000000000029713050000090000000000 
0010001300020Q 011000010845469738FILIPE OLIVEIRA DOS REIS                RUA FRANCISCO SA,88,AP 314              COPACABANA     22080010RIO DE JANEIRO RJ0000000000000000                                        000                            
0010001300021P 010595600000000400378 28877550000002972   10 002972           1709201600000000003609000000 02A1910201611809201600000000000000000000000000000000000000000000000000000000000000000000000000000000000000000029723050000090000000000 
0010001300022Q 011000066292794768ROBSON FERREIRA CAMPOS                  RUA DO COUTO,29,BLOCO 1 AP 214          PENHA          21020410RIO DE JANEIRO RJ0000000000000000                                        000                            
0010001300023P 010595600000000400378 28877550000002973   10 002973           1709201600000000005738400000 02A1910201611809201600000000000000000000000000000000000000000000000000000000000000000000000000000000000000000029733050000090000000000 
0010001300024Q 011000060855363720GILDETE NEVES TRAVASSOS                 RUA JESSE,154                           CIDADE DE DEUS 22773350RIO DE JANEIRO RJ0000000000000000                                        000                            
0010001300025P 010595600000000400378 28877550000002974   10 002974           1709201600000000003702300000 02A1910201611809201600000000000000000000000000000000000000000000000000000000000000000000000000000000000000000029743050000090000000000 
0010001300026Q 011000091287502768RODOLFO JOSE DE CASTELLO BRANCO         AVENIDA JULIO FURTADO,111,AP 202        GRAJAU         20561010RIO DE JANEIRO RJ0000000000000000                                        000                            
0010001300027P 010595600000000400378 28877550000002975   10 002975           1709201600000000003219800000 02A1910201611809201600000000000000000000000000000000000000000000000000000000000000000000000000000000000000000029753050000090000000000 
0010001300028Q 011000000350599742ANA CLAUDIA VIEIRA PEREIRA CAMPOS       RUA DO COUTO,29,BLOCO 01 AP 214         PENHA          21020410RIO DE JANEIRO RJ0000000000000000                                        000                            
0010001300029P 010595600000000400378 28877550000002976   10 002976           1709201600000000001403400000 02A1910201611809201600000000000000000000000000000000000000000000000000000000000000000000000000000000000000000029763050000090000000000 
0010001300030Q 011000014456956771THAMIRES BASTOS SILVA                   ESTRADA DE JACAREPAGUA,57,CASA 14 A     ITANHANGA      22753030RIO DE JANEIRO RJ0000000000000000                                        000                            
0010001300031P 010595600000000400378 28877550000002977   10 002977           1709201600000000009755800000 02A1910201611809201600000000000000000000000000000000000000000000000000000000000000000000000000000000000000000029773050000090000000000 
0010001300032Q 011000011686448791PEDRO DA COSTA SANTOS                   RUA JACINTO RABELO,553,CASA             CHACARA FLORA  25635470PETROPOLIS     RJ0000000000000000                                        000                            
0010001300033P 010595600000000400378 28877550000002978   10 002978           1709201600000000001104600000 02A1910201611809201600000000000000000000000000000000000000000000000000000000000000000000000000000000000000000029783050000090000000000 
0010001300034Q 011000016577824762DAVI LUCCA HERMENEGILDO CHAGAS DE SOUZA AVENIDA PERNAMBUCANA,1119,CASA          VILA ROSALI    25510430SAO JOAO DE MERRJ0000000000000000                                        000                            
0010001300035P 010595600000000400378 28877550000002979   10 002979           1709201600000000002209200000 02A1910201611809201600000000000000000000000000000000000000000000000000000000000000000000000000000000000000000029793050000090000000000 
0010001300036Q 011000019495526752SARAH REGINA ALVES DA SILVA             RUA CONEGO BOUCHER PINTO,58,CASA        HONORIO GURGEL 21511290RIO DE JANEIRO RJ0000000000000000                                        000                            
0010001300037P 010595600000000400378 28877550000002980   10 002980           1709201600000000002705700000 02A1910201611809201600000000000000000000000000000000000000000000000000000000000000000000000000000000000000000029803050000090000000000 
0010001300038Q 011000001188959743ANDREA CRUZ OLIVEIRA                    ESTRADA DO QUITUNGO,660,CASA 03         BRAS DE PINA   21215563RIO DE JANEIRO RJ0000000000000000                                        000                            
0010001300039P 010595600000000400378 28877550000002981   10 002981           1709201600000000001104600000 02A1910201611809201600000000000000000000000000000000000000000000000000000000000000000000000000000000000000000029813050000090000000000 
0010001300040Q 011000018260883775ISAAC RODRIGUES OLIVEIRA                RUA MARECHAL MARCIANO,1794,CASA         REALENGO       21721011RIO DE JANEIRO RJ0000000000000000                                        000                            
0010001300041P 010595600000000400378 28877550000002982   10 002982           1709201600000000002705700000 02A1910201611809201600000000000000000000000000000000000000000000000000000000000000000000000000000000000000000029823050000090000000000 
0010001300042Q 011000001855695790ANA PAULA RODRIGUES LOPES OLIVEIRA      RUA MARECHAL MARCIANO,1794,CASA         REALENGO       21721011RIO DE JANEIRO RJ0000000000000000                                        000                            
0010001300043P 010595600000000400378 28877550000002983   10 002983           1709201600000000002705700000 02A1910201611809201600000000000000000000000000000000000000000000000000000000000000000000000000000000000000000029833050000090000000000 
0010001300044Q 011000001160717702MARIA JOSE DIONIZIO DA SILVA            AVENIDA CIDADE DE DE,26,CASA 12 QUADRA 5CIDADE DE DEUS 22773200RIO DE JANEIRO RJ0000000000000000                                        000                            
0010001300045P 010595600000000400378 28877550000002984   10 002984           1709201600000000006604100000 02A1910201611809201600000000000000000000000000000000000000000000000000000000000000000000000000000000000000000029843050000090000000000 
0010001300046Q 011000077101049753VILMA FELIX DA SILVA                    RUA ANA ALVES,64,CASA                   PARQUE SAO NICO25530150SAO JOAO DE MERRJ0000000000000000                                        000                            
0010001300047P 010595600000000400378 28877550000002985   10 002985           1709201600000000002705700000 02A1910201611809201600000000000000000000000000000000000000000000000000000000000000000000000000000000000000000029853050000090000000000 
0010001300048Q 011000091061008720VANUZA DA SILVA GUIMARAES               RUA DONA EUGENIA,17,CASA 03             ENGENHO DE DENT20755300RIO DE JANEIRO RJ0000000000000000                                        000                            
0010001300049P 010595600000000400378 28877550000002986   10 002986           1709201600000000001841800000 02A1910201611809201600000000000000000000000000000000000000000000000000000000000000000000000000000000000000000029863050000090000000000 
0010001300050Q 011000010436518708GLAUCIA SILVA SOARES                    RUA YONE ENNES,36,CASA                  JARDIM MONTE CA26041690NOVA IGUACU    RJ0000000000000000                                        000                            
0010001300051P 010595600000000400378 28877550000002987   10 002987           1709201600000000006604100000 02A1910201611809201600000000000000000000000000000000000000000000000000000000000000000000000000000000000000000029873050000090000000000 
0010001300052Q 011000079419623734DIVA COSTA PADILHA                      RUA JOSE DA SILVA,S/N,LOTE 5 QUADRA 16  COELHO DA ROCHA25550202SAO JOAO DE MERRJ0000000000000000                                        000                            
0010001300053P 010595600000000400378 28877550000002988   10 002988           1709201600000000001104600000 02A1910201611809201600000000000000000000000000000000000000000000000000000000000000000000000000000000000000000029883050000090000000000 
0010001300054Q 011000017383569733LARISSA LOBAO ALVES                     RUA ISIDRO ROCHA,130,LOJA A             VIGARIO GERAL  21241180RIO DE JANEIRO RJ0000000000000000                                        000                            
0010001300055P 010595600000000400378 28877550000002989   10 002989           1709201600000000001417400000 02A1910201611809201600000000000000000000000000000000000000000000000000000000000000000000000000000000000000000029893050000090000000000 
0010001300056Q 011000010318946750LUANNA KARINA DA SILVA                  RUA VAZ LOBO,579,CASA C                 VAZ LOBO       21361030RIO DE JANEIRO RJ0000000000000000                                        000                            
00100015         000058                                                                                                                                                                                                                         
00199999         000001000060000000                                                                                                                                                                                                             