03300000        2049938327000106000100001201344                         UBRASP - UNIAO BRASILEIRA     Banco Santander                         108062017      000097040                                                                          
03300011R01  030 2049938327000106                    000100001201344     UBRASP - UNIAO BRASILEIRA                                                                                     0000000108062017                                         
0330001300001P 010001001301476520130147652  0000000091511511  0000000000091510707201700000000001865600000 02N080620173000000000000000000000000000000000000000000000000000000000000000000000000000000000000000000000000009151000300000           
0330001300002Q 011000000477631240ELIZABETH ALMEIDA AMORAS                RUA NASCIMENTO GURGEL,9,APT 301         OSWALDO CRUZ   21340390RIO DE JANEIRO RJ0000000000000000                                        000000000000                   
0330001300003P 010001001301476520130147652  0000000091529511  0000000000091520707201700000000011615900000 02N080620173000000000000000000000000000000000000000000000000000000000000000000000000000000000000000000000000009152000300000           
0330001300004Q 011000038574578720FRANCISCO SOUZA CARNEIRO PINTO          RUA RAINHA DA ENGENHO,316,CASA 37       INHAUMA        20765040RIO DE JANEIRO RJ0000000000000000                                        000000000000                   
0330001300005P 010001001301476520130147652  0000000091537511  0000000000091530707201700000000001468500000 02N080620173000000000000000000000000000000000000000000000000000000000000000000000000000000000000000000000000009153000300000           
0330001300006Q 011000019948568745MURILO DAMAS POUZA MATEUS               RUA CARUMBE,246,C/ 17                   REALENGO       21755140RIO DE JANEIRO RJ0000000000000000                                        000000000000                   
03300015         000008                                                                                                                                                                                                                         
03399999         000001000010                                                                                                                                                                                                                   