03300000        2049938327000106000100001201344                         UBRASP - UNIAO BRASILEIRA     Banco Santander                         107082017      000110040                                                                          
03300011R01  030 2049938327000106                    000100001201344     UBRASP - UNIAO BRASILEIRA                                                                                     0000000107082017                                         
0330001300001P 010001001301476520130147652  0000000097454511  0000000000097452012201700000000005808500000 02N070820173000000000000000000000000000000000000000000000000000000000000000000000000000000000000000000000000009745000300000           
0330001300002Q 011000006933396754CINTHYA MORAES DA SILVA                 RUA FLORIANOPOLIS,1122,CASA 05 AP 102   PRACA SECA     21321050RIO DE JANEIRO RJ0000000000000000                                        000000000000                   
0330001300003P 010001001301476520130147652  0000000097462511  0000000000097462012201700000000001772100000 02N070820173000000000000000000000000000000000000000000000000000000000000000000000000000000000000000000000000009746000300000           
0330001300004Q 011000014907727747ANDREI DOS SANTOS PONTES                PRACA LEONI RAMOS,01                    SAO DOMINGOS   24210205NITEROI        RJ0000000000000000                                        000000000000                   
0330001300005P 010001001301476520130147652  0000000097471511  0000000000097472012201700000000003417100000 02N070820173000000000000000000000000000000000000000000000000000000000000000000000000000000000000000000000000009747000300000           
0330001300006Q 011000005305849721ADELINA CONCEICAO DOS SANTOS            RUA JACKS MARITAIN,32,FU                PENHA          21072150RIO DE JANEIRO RJ0000000000000000                                        000000000000                   
0330001300007P 010001001301476520130147652  0000000097489511  0000000000097482012201700000000001605100000 02N070820173000000000000000000000000000000000000000000000000000000000000000000000000000000000000000000000000009748000300000           
0330001300008Q 011000020086365770MILENA GOMES DE AZEVEDO                 RUA DONA CAMILA,35                      SAO CRISTOVAO  20921250RIO DE JANEIRO RJ0000000000000000                                        000000000000                   
03300015         000010                                                                                                                                                                                                                         
03399999         000001000012                                                                                                                                                                                                                   