03300000        2049938327000106000100001201344                         UBRASP - UNIAO BRASILEIRA     Banco Santander                         125072017      000107040                                                                          
03300011R01  030 2049938327000106                    000100001201344     UBRASP - UNIAO BRASILEIRA                                                                                     0000000125072017                                         
0330001300001P 010001001301476520130147652  0000000096369511  0000000000096361008201700000000001605100000 02N250720173000000000000000000000000000000000000000000000000000000000000000000000000000000000000000000000000009636000300000           
0330001300002Q 011000019292024744ANTHONY SENA SOUSA                      AVENIDA DOS DEMOCRATICOS,20,RUA GUARANI MANGUINHOS     21050000RIO DE JANEIRO RJ0000000000000000                                        000000000000                   
0330001300003P 010001001301476520130147652  0000000096377511  0000000000096371009201700000000001605100000 02N250720173000000000000000000000000000000000000000000000000000000000000000000000000000000000000000000000000009637000300000           
0330001300004Q 011000019292024744ANTHONY SENA SOUSA                      AVENIDA DOS DEMOCRATICOS,20,RUA GUARANI MANGUINHOS     21050000RIO DE JANEIRO RJ0000000000000000                                        000000000000                   
0330001300005P 010001001301476520130147652  0000000096385511  0000000000096381010201700000000001605100000 02N250720173000000000000000000000000000000000000000000000000000000000000000000000000000000000000000000000000009638000300000           
0330001300006Q 011000019292024744ANTHONY SENA SOUSA                      AVENIDA DOS DEMOCRATICOS,20,RUA GUARANI MANGUINHOS     21050000RIO DE JANEIRO RJ0000000000000000                                        000000000000                   
0330001300007P 010001001301476520130147652  0000000096393511  0000000000096391011201700000000001605100000 02N250720173000000000000000000000000000000000000000000000000000000000000000000000000000000000000000000000000009639000300000           
0330001300008Q 011000019292024744ANTHONY SENA SOUSA                      AVENIDA DOS DEMOCRATICOS,20,RUA GUARANI MANGUINHOS     21050000RIO DE JANEIRO RJ0000000000000000                                        000000000000                   
0330001300009P 010001001301476520130147652  0000000096407511  0000000000096401012201700000000001605100000 02N250720173000000000000000000000000000000000000000000000000000000000000000000000000000000000000000000000000009640000300000           
0330001300010Q 011000019292024744ANTHONY SENA SOUSA                      AVENIDA DOS DEMOCRATICOS,20,RUA GUARANI MANGUINHOS     21050000RIO DE JANEIRO RJ0000000000000000                                        000000000000                   
0330001300011P 010001001301476520130147652  0000000096318511  0000000000096310708201700000000006905900000 02N250720173000000000000000000000000000000000000000000000000000000000000000000000000000000000000000000000000009631000300000           
0330001300012Q 011000036980684787LIDIA MARIA PEREIRA FERREIRA            RUA MONSENHOR MAGALDI,142               JARDIM GUANABAR21940400RIO DE JANEIRO RJ0000000000000000                                        000000000000                   
0330001300013P 010001001301476520130147652  0000000096326511  0000000000096320709201700000000006905900000 02N250720173000000000000000000000000000000000000000000000000000000000000000000000000000000000000000000000000009632000300000           
0330001300014Q 011000036980684787LIDIA MARIA PEREIRA FERREIRA            RUA MONSENHOR MAGALDI,142               JARDIM GUANABAR21940400RIO DE JANEIRO RJ0000000000000000                                        000000000000                   
0330001300015P 010001001301476520130147652  0000000096334511  0000000000096330710201700000000006905900000 02N250720173000000000000000000000000000000000000000000000000000000000000000000000000000000000000000000000000009633000300000           
0330001300016Q 011000036980684787LIDIA MARIA PEREIRA FERREIRA            RUA MONSENHOR MAGALDI,142               JARDIM GUANABAR21940400RIO DE JANEIRO RJ0000000000000000                                        000000000000                   
0330001300017P 010001001301476520130147652  0000000096342511  0000000000096340711201700000000006905900000 02N250720173000000000000000000000000000000000000000000000000000000000000000000000000000000000000000000000000009634000300000           
0330001300018Q 011000036980684787LIDIA MARIA PEREIRA FERREIRA            RUA MONSENHOR MAGALDI,142               JARDIM GUANABAR21940400RIO DE JANEIRO RJ0000000000000000                                        000000000000                   
0330001300019P 010001001301476520130147652  0000000096351511  0000000000096350712201700000000006905900000 02N250720173000000000000000000000000000000000000000000000000000000000000000000000000000000000000000000000000009635000300000           
0330001300020Q 011000036980684787LIDIA MARIA PEREIRA FERREIRA            RUA MONSENHOR MAGALDI,142               JARDIM GUANABAR21940400RIO DE JANEIRO RJ0000000000000000                                        000000000000                   
0330001300021P 010001001301476520130147652  0000000096415511  0000000000096411009201700000000001772100000 02N250720173000000000000000000000000000000000000000000000000000000000000000000000000000000000000000000000000009641000300000           
0330001300022Q 011000014383343708PATRICIA BARBOSA DE ANDRADE             RUA SANTA CLARA - DE 2 AO F,166,APT 1011COPACABANA?    22041012RIO DE JANEIRO RJ0000000000000000                                        000000000000                   
0330001300023P 010001001301476520130147652  0000000096423511  0000000000096421010201700000000001772100000 02N250720173000000000000000000000000000000000000000000000000000000000000000000000000000000000000000000000000009642000300000           
0330001300024Q 011000014383343708PATRICIA BARBOSA DE ANDRADE             RUA SANTA CLARA - DE 2 AO F,166,APT 1011COPACABANA?    22041012RIO DE JANEIRO RJ0000000000000000                                        000000000000                   
0330001300025P 010001001301476520130147652  0000000096431511  0000000000096431011201700000000001772100000 02N250720173000000000000000000000000000000000000000000000000000000000000000000000000000000000000000000000000009643000300000           
0330001300026Q 011000014383343708PATRICIA BARBOSA DE ANDRADE             RUA SANTA CLARA - DE 2 AO F,166,APT 1011COPACABANA?    22041012RIO DE JANEIRO RJ0000000000000000                                        000000000000                   
0330001300027P 010001001301476520130147652  0000000096441511  0000000000096441012201700000000001772100000 02N250720173000000000000000000000000000000000000000000000000000000000000000000000000000000000000000000000000009644000300000           
0330001300028Q 011000014383343708PATRICIA BARBOSA DE ANDRADE             RUA SANTA CLARA - DE 2 AO F,166,APT 1011COPACABANA?    22041012RIO DE JANEIRO RJ0000000000000000                                        000000000000                   
0330001300029P 010001001301476520130147652  0000000096458511  0000000000096451009201700000000006035100000 02N250720173000000000000000000000000000000000000000000000000000000000000000000000000000000000000000000000000009645000300000           
0330001300030Q 011000077080602734GLORIA MARIA LESSA ETELVINO             RUA E,00,SN - BLOCO B / GR1 - APT 102   VILA DA PENHA  21210640RIO DE JANEIRO RJ0000000000000000                                        000000000000                   
0330001300031P 010001001301476520130147652  0000000096466511  0000000000096461010201700000000006035100000 02N250720173000000000000000000000000000000000000000000000000000000000000000000000000000000000000000000000000009646000300000           
0330001300032Q 011000077080602734GLORIA MARIA LESSA ETELVINO             RUA E,00,SN - BLOCO B / GR1 - APT 102   VILA DA PENHA  21210640RIO DE JANEIRO RJ0000000000000000                                        000000000000                   
0330001300033P 010001001301476520130147652  0000000096474511  0000000000096471011201700000000006035100000 02N250720173000000000000000000000000000000000000000000000000000000000000000000000000000000000000000000000000009647000300000           
0330001300034Q 011000077080602734GLORIA MARIA LESSA ETELVINO             RUA E,00,SN - BLOCO B / GR1 - APT 102   VILA DA PENHA  21210640RIO DE JANEIRO RJ0000000000000000                                        000000000000                   
0330001300035P 010001001301476520130147652  0000000096482511  0000000000096481012201700000000006035100000 02N250720173000000000000000000000000000000000000000000000000000000000000000000000000000000000000000000000000009648000300000           
0330001300036Q 011000077080602734GLORIA MARIA LESSA ETELVINO             RUA E,00,SN - BLOCO B / GR1 - APT 102   VILA DA PENHA  21210640RIO DE JANEIRO RJ0000000000000000                                        000000000000                   
03300015         000038                                                                                                                                                                                                                         
03399999         000001000040                                                                                                                                                                                                                   