03300000        2049938327000106000100001201344                         UBRASP - UNIAO BRASILEIRA     Banco Santander                         127032017      000077040                                                                          
03300011R01  030 2049938327000106                    000100001201344     UBRASP - UNIAO BRASILEIRA                                                                                     0000000127032017                                         
0330001300001P 010001001301476520130147652  0000000055956511  0000000000055951004201700000000004697700000 02N270320173000000000000000000000000000000000000000000000000000000000000000000000000000000000000000000000000005595000300000           
0330001300002Q 011000000011820721ANABEL SOARES DOS SANTOS                AVENIDA DAS AMERICAS,19000,CASA 184     RECREIO DOS BAN22790704RIO DE JANEIRO RJ0000000000000000                                        000000000000                   
0330001300003P 010001001301476520130147652  0000000055964511  0000000000055961004201700000000001319400000 02N270320173000000000000000000000000000000000000000000000000000000000000000000000000000000000000000000000000005596000300000           
0330001300004Q 011000016672795723NATALIA MARTINS CORREIA                 RUA NELSON MANDELA,25,CASA              TAQUARA        22713588RIO DE JANEIRO RJ0000000000000000                                        000000000000                   
0330001300005P 010001001301476520130147652  0000000055972511  0000000000055971004201700000000001972700000 02N270320173000000000000000000000000000000000000000000000000000000000000000000000000000000000000000000000000005597000300000           
0330001300006Q 011000004139242701WAGNER DE MEDEIROS ALVES                RUA JOAQUIM GOMES ANDRADE,44            COELHO DA ROCHA25550611SAO JOAO DE MERRJ0000000000000000                                        000000000000                   
0330001300007P 010001001301476520130147652  0000000055981511  0000000000055981004201700000000001254700000 02N270320173000000000000000000000000000000000000000000000000000000000000000000000000000000000000000000000000005598000300000           
0330001300008Q 011000017045799705YHASMIM PEREIRA MARQUES                 RUA ERNESTO ,00,QUADRA 3 LOTE 12        VILA PIABETA (V25937154MAGE           RJ0000000000000000                                        000000000000                   
0330001300009P 010001001301476520130147652  0000000055999511  0000000000055991004201700000000001598200000 02N270320173000000000000000000000000000000000000000000000000000000000000000000000000000000000000000000000000005599000300000           
0330001300010Q 011000013229510712HIAGO PAULINO DE ARAUJO                 RUA DO EXPEDICIONARIO,11                SAO CRISTOVAO  20921130RIO DE JANEIRO RJ0000000000000000                                        000000000000                   
0330001300011P 010001001301476520130147652  0000000056006511  0000000000056001004201700000000001598200000 02N270320173000000000000000000000000000000000000000000000000000000000000000000000000000000000000000000000000005600000300000           
0330001300012Q 011000015447474701LUCAS DE QUEIROZ VIDAL                  RUA LEOPOLDINA REGO,685,CASA 17         PENHA          21021522RIO DE JANEIRO RJ0000000000000000                                        000000000000                   
0330001300013P 010001001301476520130147652  0000000056014511  0000000000056011004201700000000006861400000 02N270320173000000000000000000000000000000000000000000000000000000000000000000000000000000000000000000000000005601000300000           
0330001300014Q 011000043329853700HENRIQUE JOSE TEIXEIRA                  RUA CABO VERDE,356                      PADRE MIGUEL   21775270RIO DE JANEIRO RJ0000000000000000                                        000000000000                   
0330001300015P 010001001301476520130147652  0000000056022511  0000000000056021004201700000000008250200000 02N270320173000000000000000000000000000000000000000000000000000000000000000000000000000000000000000000000000005602000300000           
0330001300016Q 011000054968801734ROSEMAR BARBOZA DA SILVA                AVENIDA MINISTRO EDGARD ROMER,612,AP 304MADUREIRA      21360200RIO DE JANEIRO RJ0000000000000000                                        000000000000                   
0330001300017P 010001001301476520130147652  0000000056031511  0000000000056031004201700000000010465600000 02N270320173000000000000000000000000000000000000000000000000000000000000000000000000000000000000000000000000005603000300000           
0330001300018Q 011000084028416787CLAUDIO BEZNOS                          RUA SAO FRANCISCO XAVIER,109,AP 102     TIJUCA         20550010RIO DE JANEIRO RJ0000000000000000                                        000000000000                   
0330001300019P 010001001301476520130147652  0000000056049511  0000000000056041004201700000000003849900000 02N270320173000000000000000000000000000000000000000000000000000000000000000000000000000000000000000000000000005604000300000           
0330001300020Q 011000068415290730FRANCISCO IVAMAR MARTINS LIRA           RUA OTRANTO,828,CASA 5                  VIGARIO GERAL  21241090RIO DE JANEIRO RJ0000000000000000                                        000000000000                   
0330001300021P 010001001301476520130147652  0000000056057511  0000000000056051004201700000000001458300000 02N270320173000000000000000000000000000000000000000000000000000000000000000000000000000000000000000000000000005605000300000           
0330001300022Q 011000015176793709JESSICA SILVA LOPES                     RUA BUENOS AIRES,126                    CENTRO         20070022RIO DE JANEIRO RJ0000000000000000                                        000000000000                   
0330001300023P 010001001301476520130147652  0000000056065511  0000000000056061004201700000000005623000000 02N270320173000000000000000000000000000000000000000000000000000000000000000000000000000000000000000000000000005606000300000           
0330001300024Q 011000008119634705ALVARO CHAVES JUNIOR                    RUA JUAN PABLO DUARTE,11                BANCARIOS      21910390RIO DE JANEIRO RJ0000000000000000                                        000000000000                   
0330001300025P 010001001301476520130147652  0000000056073511  0000000000056071004201700000000010143100000 02N270320173000000000000000000000000000000000000000000000000000000000000000000000000000000000000000000000000005607000300000           
0330001300026Q 011000031607888734SERGIO FONTA CRUZ                       RUA PAULA FREITAS,45,AP 801             COPACABANA     22040010RIO DE JANEIRO RJ0000000000000000                                        000000000000                   
0330001300027P 010001001301476520130147652  0000000056081511  0000000000056081004201700000000001254700000 02N270320173000000000000000000000000000000000000000000000000000000000000000000000000000000000000000000000000005608000300000           
0330001300028Q 011000018494416774CAMILA SILVA SOUSA                      RUA CONSELHEIRO OTAVIANO,50,CASA 3      VILA ISABEL    20551210RIO DE JANEIRO RJ0000000000000000                                        000000000000                   
0330001300029P 010001001301476520130147652  0000000056091511  0000000000056091004201700000000001950100000 02N270320173000000000000000000000000000000000000000000000000000000000000000000000000000000000000000000000000005609000300000           
0330001300030Q 011000017362378700ERICK PINTO NUNES                       AVENIDA DE CARVALHO - DE 117,1585,AP 203PENHA CIRCULAR?21210153RIO DE JANEIRO RJ0000000000000000                                        000000000000                   
03300015         000032                                                                                                                                                                                                                         
03399999         000001000034                                                                                                                                                                                                                   