03300000        2049938327000106000100001201344                         UBRASP - UNIAO BRASILEIRA     Banco Santander                         117012017      000055040                                                                          
03300011R01  030 2049938327000106                    000100001201344     UBRASP - UNIAO BRASILEIRA                                                                                     0000000117012017                                         
0330001300001P 010001001301476520130147652  0000000047848511  0000000000047840702201700000000008625900000 02N170120173000000000000000000000000000000000000000000000000000000000000000000000000000000000000000000000000004784000300000           
0330001300002Q 011000060403233704CATIA FERREIRA VIEIRA                   AVENIDA GEREMARIO D,1137,BLOCO 02 AP 204PECHINCHA      22760400RIO DE JANEIRO RJ0000000000000000                                        000000000000                   
0330001300003P 010001001301476520130147652  0000000047856511  0000000000047850703201700000000008625900000 02N170120173000000000000000000000000000000000000000000000000000000000000000000000000000000000000000000000000004785000300000           
0330001300004Q 011000060403233704CATIA FERREIRA VIEIRA                   AVENIDA GEREMARIO D,1137,BLOCO 02 AP 204PECHINCHA      22760400RIO DE JANEIRO RJ0000000000000000                                        000000000000                   
0330001300005P 010001001301476520130147652  0000000047864511  0000000000047860702201700000000008765400000 02N170120173000000000000000000000000000000000000000000000000000000000000000000000000000000000000000000000000004786000300000           
0330001300006Q 011000090266579787ROGERIO RODRIGUES SARAIVA               RUA AURELIO GARCINDO,539,CASA 01        OLARIA         21073000RIO DE JANEIRO RJ0000000000000000                                        000000000000                   
0330001300007P 010001001301476520130147652  0000000047872511  0000000000047870703201700000000008765400000 02N170120173000000000000000000000000000000000000000000000000000000000000000000000000000000000000000000000000004787000300000           
0330001300008Q 011000090266579787ROGERIO RODRIGUES SARAIVA               RUA AURELIO GARCINDO,539,CASA 01        OLARIA         21073000RIO DE JANEIRO RJ0000000000000000                                        000000000000                   
0330001300009P 010001001301476520130147652  0000000047881511  0000000000047880702201700000000006518300000 02N170120173000000000000000000000000000000000000000000000000000000000000000000000000000000000000000000000000004788000300000           
0330001300010Q 011000012906654787MANUEL PEREIRA DA COSTA                 RUA CARAJAS,237,CASA                    VILA KOSMOS    21220110RIO DE JANEIRO RJ0000000000000000                                        000000000000                   
0330001300011P 010001001301476520130147652  0000000047899511  0000000000047890703201700000000006518300000 02N170120173000000000000000000000000000000000000000000000000000000000000000000000000000000000000000000000000004789000300000           
0330001300012Q 011000012906654787MANUEL PEREIRA DA COSTA                 RUA CARAJAS,237,CASA                    VILA KOSMOS    21220110RIO DE JANEIRO RJ0000000000000000                                        000000000000                   
0330001300013P 010001001301476520130147652  0000000047902511  0000000000047900702201700000000006518300000 02N170120173000000000000000000000000000000000000000000000000000000000000000000000000000000000000000000000000004790000300000           
0330001300014Q 011000019354738672APARECIDA MARIA SOUTO PINTO SANTIAGO    RUA DOUTOR MIGUEL VIEIRA FERRE,59,AP 403RAMOS          21060090RIO DE JANEIRO RJ0000000000000000                                        000000000000                   
0330001300015P 010001001301476520130147652  0000000047911511  0000000000047910703201700000000006518300000 02N170120173000000000000000000000000000000000000000000000000000000000000000000000000000000000000000000000000004791000300000           
0330001300016Q 011000019354738672APARECIDA MARIA SOUTO PINTO SANTIAGO    RUA DOUTOR MIGUEL VIEIRA FERRE,59,AP 403RAMOS          21060090RIO DE JANEIRO RJ0000000000000000                                        000000000000                   
0330001300017P 010001001301476520130147652  0000000047929511  0000000000047920702201700000000001629900000 02N170120173000000000000000000000000000000000000000000000000000000000000000000000000000000000000000000000000004792000300000           
0330001300018Q 011000009949030730MONIQUE DE SOUSA MELO                   PRACA DA TAQUARA,34,SALA 304            TAQUARA        22730250RIO DE JANEIRO RJ0000000000000000                                        000000000000                   
0330001300019P 010001001301476520130147652  0000000047937511  0000000000047930703201700000000001629900000 02N170120173000000000000000000000000000000000000000000000000000000000000000000000000000000000000000000000000004793000300000           
0330001300020Q 011000009949030730MONIQUE DE SOUSA MELO                   PRACA DA TAQUARA,34,SALA 304            TAQUARA        22730250RIO DE JANEIRO RJ0000000000000000                                        000000000000                   
0330001300021P 010001001301476520130147652  0000000047945511  0000000000047940702201700000000006406600000 02N170120173000000000000000000000000000000000000000000000000000000000000000000000000000000000000000000000000004794000300000           
0330001300022Q 011000073822981753MARCO ANTONIO MONTEIRO DINIZ            RUA ALMIRANTE ALEXANDRINO,5036,CASA 04  SANTA TERESA   20241266RIO DE JANEIRO RJ0000000000000000                                        000000000000                   
0330001300023P 010001001301476520130147652  0000000047953511  0000000000047950703201700000000006406600000 02N170120173000000000000000000000000000000000000000000000000000000000000000000000000000000000000000000000000004795000300000           
0330001300024Q 011000073822981753MARCO ANTONIO MONTEIRO DINIZ            RUA ALMIRANTE ALEXANDRINO,5036,CASA 04  SANTA TERESA   20241266RIO DE JANEIRO RJ0000000000000000                                        000000000000                   
0330001300025P 010001001301476520130147652  0000000047961511  0000000000047960702201700000000002436900000 02N170120173000000000000000000000000000000000000000000000000000000000000000000000000000000000000000000000000004796000300000           
0330001300026Q 011000004785891742GRAZIELLA SOARES GUIMARAES              ESTRADA DOS TRES RIOS,841,AP 604        FREGUESIA (JACA22745004RIO DE JANEIRO RJ0000000000000000                                        000000000000                   
0330001300027P 010001001301476520130147652  0000000047971511  0000000000047970703201700000000002436900000 02N170120173000000000000000000000000000000000000000000000000000000000000000000000000000000000000000000000000004797000300000           
0330001300028Q 011000004785891742GRAZIELLA SOARES GUIMARAES              ESTRADA DOS TRES RIOS,841,AP 604        FREGUESIA (JACA22745004RIO DE JANEIRO RJ0000000000000000                                        000000000000                   
0330001300029P 010001001301476520130147652  0000000047988511  0000000000047980702201700000000002073000000 02N170120173000000000000000000000000000000000000000000000000000000000000000000000000000000000000000000000000004798000300000           
0330001300030Q 011000013287337777MIRIAM LUIZ DO CARMO                    AVENIDA MERITI,149,AP 302               VILA KOSMOS    21220202RIO DE JANEIRO RJ0000000000000000                                        000000000000                   
0330001300031P 010001001301476520130147652  0000000047996511  0000000000047990703201700000000002073000000 02N170120173000000000000000000000000000000000000000000000000000000000000000000000000000000000000000000000000004799000300000           
0330001300032Q 011000013287337777MIRIAM LUIZ DO CARMO                    AVENIDA MERITI,149,AP 302               VILA KOSMOS    21220202RIO DE JANEIRO RJ0000000000000000                                        000000000000                   
0330001300033P 010001001301476520130147652  0000000048003511  0000000000048000702201700000000002350900000 02N170120173000000000000000000000000000000000000000000000000000000000000000000000000000000000000000000000000004800000300000           
0330001300034Q 011000002181454701FERNANDO VINICIUS DA COSTA ARAUJO       RUA ITUA,1513,AP 201                    JARDIM GUANABAR21940180RIO DE JANEIRO RJ0000000000000000                                        000000000000                   
0330001300035P 010001001301476520130147652  0000000048011511  0000000000048010703201700000000002350900000 02N170120173000000000000000000000000000000000000000000000000000000000000000000000000000000000000000000000000004801000300000           
0330001300036Q 011000002181454701FERNANDO VINICIUS DA COSTA ARAUJO       RUA ITUA,1513,AP 201                    JARDIM GUANABAR21940180RIO DE JANEIRO RJ0000000000000000                                        000000000000                   
0330001300037P 010001001301476520130147652  0000000048021511  0000000000048020702201700000000001161500000 02N170120173000000000000000000000000000000000000000000000000000000000000000000000000000000000000000000000000004802000300000           
0330001300038Q 011000013439301702JULIANA CRISTINA DA SILVA NEMESIO       AVENIDA MINISTRO EDGARD ROMER,612,AP 304MADUREIRA      21360200RIO DE JANEIRO RJ0000000000000000                                        000000000000                   
0330001300039P 010001001301476520130147652  0000000048038511  0000000000048030703201700000000001161500000 02N170120173000000000000000000000000000000000000000000000000000000000000000000000000000000000000000000000000004803000300000           
0330001300040Q 011000013439301702JULIANA CRISTINA DA SILVA NEMESIO       AVENIDA MINISTRO EDGARD ROMER,612,AP 304MADUREIRA      21360200RIO DE JANEIRO RJ0000000000000000                                        000000000000                   
0330001300041P 010001001301476520130147652  0000000048046511  0000000000048040702201700000000001631600000 02N170120173000000000000000000000000000000000000000000000000000000000000000000000000000000000000000000000000004804000300000           
0330001300042Q 011000018212919722ANA JULIA DA SILVA FERREIRA             AVENIDA MINISTRO EDGARD ROMER,612,AP 304MADUREIRA      21360200RIO DE JANEIRO RJ0000000000000000                                        000000000000                   
0330001300043P 010001001301476520130147652  0000000048054511  0000000000048050703201700000000001631600000 02N170120173000000000000000000000000000000000000000000000000000000000000000000000000000000000000000000000000004805000300000           
0330001300044Q 011000018212919722ANA JULIA DA SILVA FERREIRA             AVENIDA MINISTRO EDGARD ROMER,612,AP 304MADUREIRA      21360200RIO DE JANEIRO RJ0000000000000000                                        000000000000                   
0330001300045P 010001001301476520130147652  0000000048062511  0000000000048060702201700000000001613700000 02N170120173000000000000000000000000000000000000000000000000000000000000000000000000000000000000000000000000004806000300000           
0330001300046Q 011000014557828744CELIA REGINA DA SILVA BRAGA             RUA CUBA  394 ,432,AP 201 BLOCO B       PENHA?         21020970RIO DE JANEIRO RJ0000000000000000                                        000000000000                   
0330001300047P 010001001301476520130147652  0000000048071511  0000000000048070703201700000000001613700000 02N170120173000000000000000000000000000000000000000000000000000000000000000000000000000000000000000000000000004807000300000           
0330001300048Q 011000014557828744CELIA REGINA DA SILVA BRAGA             RUA CUBA  394 ,432,AP 201 BLOCO B       PENHA?         21020970RIO DE JANEIRO RJ0000000000000000                                        000000000000                   
0330001300049P 010001001301476520130147652  0000000048089511  0000000000048080702201700000000005356900000 02N170120173000000000000000000000000000000000000000000000000000000000000000000000000000000000000000000000000004808000300000           
0330001300050Q 011000011405061707NICOLE MARTINS RIBEIRO CASTRO           RUA MARIANA,37                          COSMORAMA      26582040MESQUITA       RJ0000000000000000                                        000000000000                   
0330001300051P 010001001301476520130147652  0000000048097511  0000000000048090703201700000000005356900000 02N170120173000000000000000000000000000000000000000000000000000000000000000000000000000000000000000000000000004809000300000           
0330001300052Q 011000011405061707NICOLE MARTINS RIBEIRO CASTRO           RUA MARIANA,37                          COSMORAMA      26582040MESQUITA       RJ0000000000000000                                        000000000000                   
0330001300053P 010001001301476520130147652  0000000048101511  0000000000048100702201700000000001442800000 02N170120173000000000000000000000000000000000000000000000000000000000000000000000000000000000000000000000000004810000300000           
0330001300054Q 011000019339716736ISAQUE BOMFIM PEREIRA                   ESTRADA DE CAMORIM,1805,CASA            JACAREPAGUA    22780070RIO DE JANEIRO RJ0000000000000000                                        000000000000                   
0330001300055P 010001001301476520130147652  0000000048119511  0000000000048110703201700000000001442800000 02N170120173000000000000000000000000000000000000000000000000000000000000000000000000000000000000000000000000004811000300000           
0330001300056Q 011000019339716736ISAQUE BOMFIM PEREIRA                   ESTRADA DE CAMORIM,1805,CASA            JACAREPAGUA    22780070RIO DE JANEIRO RJ0000000000000000                                        000000000000                   
0330001300057P 010001001301476520130147652  0000000048127511  0000000000048120702201700000000004095900000 02N170120173000000000000000000000000000000000000000000000000000000000000000000000000000000000000000000000000004812000300000           
0330001300058Q 011000015632441792DEBORAH COSTA BAPTISTA BARACHO DE SOUSA RUA EDGARD WERNECK,1116,CASA 139        PECHINCHA      22763010RIO DE JANEIRO RJ0000000000000000                                        000000000000                   
0330001300059P 010001001301476520130147652  0000000048135511  0000000000048130703201700000000004095900000 02N170120173000000000000000000000000000000000000000000000000000000000000000000000000000000000000000000000000004813000300000           
0330001300060Q 011000015632441792DEBORAH COSTA BAPTISTA BARACHO DE SOUSA RUA EDGARD WERNECK,1116,CASA 139        PECHINCHA      22763010RIO DE JANEIRO RJ0000000000000000                                        000000000000                   
03300015         000062                                                                                                                                                                                                                         
03399999         000001000064                                                                                                                                                                                                                   