03300000        2049938327000106000100001201344                         UBRASP - UNIAO BRASILEIRA     Banco Santander                         119052017      000088040                                                                          
03300011R01  030 2049938327000106                    000100001201344     UBRASP - UNIAO BRASILEIRA                                                                                     0000000119052017                                         
0330001300001P 010001001301476520130147652  0000000086541511  0000000000086540706201700000000006000600000 02N190520173000000000000000000000000000000000000000000000000000000000000000000000000000000000000000000000000008654000300000           
0330001300002Q 011000053551842787SELMA COUTINHO RIBEIRO                  AVENIDA PRESIDENTE VARGAS,542,SALA 506  CENTRO?        20071901RIO DE JANEIRO RJ0000000000000000                                        000000000000                   
03300015         000004                                                                                                                                                                                                                         
03399999         000001000006                                                                                                                                                                                                                   