03300000        2049938327000106000100001201344                         UBRASP - UNIAO BRASILEIRA     Banco Santander                         131072017      000108040                                                                          
03300011R01  030 2049938327000106                    000100001201344     UBRASP - UNIAO BRASILEIRA                                                                                     0000000131072017                                         
0330001300001P 010001001301476520130147652  0000000097111511  0000000000097111009201700000000003012000000 02N310720173000000000000000000000000000000000000000000000000000000000000000000000000000000000000000000000000009711000300000           
0330001300002Q 011000013085885773NELSON WALLACE FREITAS DOS SANTOS       RUA FRANCISCO SA,88,APT 314             COPACABANA     22080010RIO DE JANEIRO RJ0000000000000000                                        000000000000                   
0330001300003P 010001001301476520130147652  0000000097128511  0000000000097121010201700000000003012000000 02N310720173000000000000000000000000000000000000000000000000000000000000000000000000000000000000000000000000009712000300000           
0330001300004Q 011000013085885773NELSON WALLACE FREITAS DOS SANTOS       RUA FRANCISCO SA,88,APT 314             COPACABANA     22080010RIO DE JANEIRO RJ0000000000000000                                        000000000000                   
0330001300005P 010001001301476520130147652  0000000097136511  0000000000097131011201700000000003012000000 02N310720173000000000000000000000000000000000000000000000000000000000000000000000000000000000000000000000000009713000300000           
0330001300006Q 011000013085885773NELSON WALLACE FREITAS DOS SANTOS       RUA FRANCISCO SA,88,APT 314             COPACABANA     22080010RIO DE JANEIRO RJ0000000000000000                                        000000000000                   
0330001300007P 010001001301476520130147652  0000000097144511  0000000000097141012201700000000003012000000 02N310720173000000000000000000000000000000000000000000000000000000000000000000000000000000000000000000000000009714000300000           
0330001300008Q 011000013085885773NELSON WALLACE FREITAS DOS SANTOS       RUA FRANCISCO SA,88,APT 314             COPACABANA     22080010RIO DE JANEIRO RJ0000000000000000                                        000000000000                   
0330001300009P 010001001301476520130147652  0000000097152511  0000000000097151009201700000000005244000000 02N310720173000000000000000000000000000000000000000000000000000000000000000000000000000000000000000000000000009715000300000           
0330001300010Q 011000083531289772MARIA APARECIDA DE ABREU NEVES          RUA JOSE LEONARDO,667                   BARRETO        24425040SAO GONCALO    RJ0000000000000000                                        000000000000                   
0330001300011P 010001001301476520130147652  0000000097161511  0000000000097161010201700000000005244000000 02N310720173000000000000000000000000000000000000000000000000000000000000000000000000000000000000000000000000009716000300000           
0330001300012Q 011000083531289772MARIA APARECIDA DE ABREU NEVES          RUA JOSE LEONARDO,667                   BARRETO        24425040SAO GONCALO    RJ0000000000000000                                        000000000000                   
0330001300013P 010001001301476520130147652  0000000097179511  0000000000097171011201700000000005244000000 02N310720173000000000000000000000000000000000000000000000000000000000000000000000000000000000000000000000000009717000300000           
0330001300014Q 011000083531289772MARIA APARECIDA DE ABREU NEVES          RUA JOSE LEONARDO,667                   BARRETO        24425040SAO GONCALO    RJ0000000000000000                                        000000000000                   
0330001300015P 010001001301476520130147652  0000000097187511  0000000000097181012201700000000005244000000 02N310720173000000000000000000000000000000000000000000000000000000000000000000000000000000000000000000000000009718000300000           
0330001300016Q 011000083531289772MARIA APARECIDA DE ABREU NEVES          RUA JOSE LEONARDO,667                   BARRETO        24425040SAO GONCALO    RJ0000000000000000                                        000000000000                   
0330001300017P 010001001301476520130147652  0000000096717511  0000000000096711008201700000000002397000000 02N310720173000000000000000000000000000000000000000000000000000000000000000000000000000000000000000000000000009671000300000           
0330001300018Q 011000007097728744MARCELA WEBER BARBATTI                  RUA DOS ARTISTAS,00071,APT 201          VILA ISABEL?   20541035RIO DE JANEIRO RJ0000000000000000                                        000000000000                   
0330001300019P 010001001301476520130147652  0000000096725511  0000000000096721009201700000000002397000000 02N310720173000000000000000000000000000000000000000000000000000000000000000000000000000000000000000000000000009672000300000           
0330001300020Q 011000007097728744MARCELA WEBER BARBATTI                  RUA DOS ARTISTAS,00071,APT 201          VILA ISABEL?   20541035RIO DE JANEIRO RJ0000000000000000                                        000000000000                   
0330001300021P 010001001301476520130147652  0000000096733511  0000000000096731010201700000000002397000000 02N310720173000000000000000000000000000000000000000000000000000000000000000000000000000000000000000000000000009673000300000           
0330001300022Q 011000007097728744MARCELA WEBER BARBATTI                  RUA DOS ARTISTAS,00071,APT 201          VILA ISABEL?   20541035RIO DE JANEIRO RJ0000000000000000                                        000000000000                   
0330001300023P 010001001301476520130147652  0000000096741511  0000000000096741011201700000000002397000000 02N310720173000000000000000000000000000000000000000000000000000000000000000000000000000000000000000000000000009674000300000           
0330001300024Q 011000007097728744MARCELA WEBER BARBATTI                  RUA DOS ARTISTAS,00071,APT 201          VILA ISABEL?   20541035RIO DE JANEIRO RJ0000000000000000                                        000000000000                   
0330001300025P 010001001301476520130147652  0000000096751511  0000000000096751012201700000000002397000000 02N310720173000000000000000000000000000000000000000000000000000000000000000000000000000000000000000000000000009675000300000           
0330001300026Q 011000007097728744MARCELA WEBER BARBATTI                  RUA DOS ARTISTAS,00071,APT 201          VILA ISABEL?   20541035RIO DE JANEIRO RJ0000000000000000                                        000000000000                   
0330001300027P 010001001301476520130147652  0000000096814511  0000000000096812008201700000000004678200000 02N310720173000000000000000000000000000000000000000000000000000000000000000000000000000000000000000000000000009681000300000           
0330001300028Q 011000082554684715ANDREA MARCIA GONCALVES CAMPOS          RUA PAULA FRASSINETTI,147,APT 101       RIO COMPRIDO   20261170RIO DE JANEIRO RJ0000000000000000                                        000000000000                   
0330001300029P 010001001301476520130147652  0000000096822511  0000000000096822009201700000000004678200000 02N310720173000000000000000000000000000000000000000000000000000000000000000000000000000000000000000000000000009682000300000           
0330001300030Q 011000082554684715ANDREA MARCIA GONCALVES CAMPOS          RUA PAULA FRASSINETTI,147,APT 101       RIO COMPRIDO   20261170RIO DE JANEIRO RJ0000000000000000                                        000000000000                   
0330001300031P 010001001301476520130147652  0000000096831511  0000000000096832010201700000000004678200000 02N310720173000000000000000000000000000000000000000000000000000000000000000000000000000000000000000000000000009683000300000           
0330001300032Q 011000082554684715ANDREA MARCIA GONCALVES CAMPOS          RUA PAULA FRASSINETTI,147,APT 101       RIO COMPRIDO   20261170RIO DE JANEIRO RJ0000000000000000                                        000000000000                   
0330001300033P 010001001301476520130147652  0000000096849511  0000000000096842011201700000000004678200000 02N310720173000000000000000000000000000000000000000000000000000000000000000000000000000000000000000000000000009684000300000           
0330001300034Q 011000082554684715ANDREA MARCIA GONCALVES CAMPOS          RUA PAULA FRASSINETTI,147,APT 101       RIO COMPRIDO   20261170RIO DE JANEIRO RJ0000000000000000                                        000000000000                   
0330001300035P 010001001301476520130147652  0000000096857511  0000000000096852012201700000000004678200000 02N310720173000000000000000000000000000000000000000000000000000000000000000000000000000000000000000000000000009685000300000           
0330001300036Q 011000082554684715ANDREA MARCIA GONCALVES CAMPOS          RUA PAULA FRASSINETTI,147,APT 101       RIO COMPRIDO   20261170RIO DE JANEIRO RJ0000000000000000                                        000000000000                   
0330001300037P 010001001301476520130147652  0000000096865511  0000000000096862008201700000000005244000000 02N310720173000000000000000000000000000000000000000000000000000000000000000000000000000000000000000000000000009686000300000           
0330001300038Q 011000062898299715FATIMA SOARES DE AZEVEDO                RUA CONDE DE RESENDE,33,CASA A          BENTO RIBEIRO  21550600RIO DE JANEIRO RJ0000000000000000                                        000000000000                   
0330001300039P 010001001301476520130147652  0000000096873511  0000000000096872009201700000000005244000000 02N310720173000000000000000000000000000000000000000000000000000000000000000000000000000000000000000000000000009687000300000           
0330001300040Q 011000062898299715FATIMA SOARES DE AZEVEDO                RUA CONDE DE RESENDE,33,CASA A          BENTO RIBEIRO  21550600RIO DE JANEIRO RJ0000000000000000                                        000000000000                   
0330001300041P 010001001301476520130147652  0000000096881511  0000000000096882010201700000000005244000000 02N310720173000000000000000000000000000000000000000000000000000000000000000000000000000000000000000000000000009688000300000           
0330001300042Q 011000062898299715FATIMA SOARES DE AZEVEDO                RUA CONDE DE RESENDE,33,CASA A          BENTO RIBEIRO  21550600RIO DE JANEIRO RJ0000000000000000                                        000000000000                   
0330001300043P 010001001301476520130147652  0000000096891511  0000000000096892011201700000000005244000000 02N310720173000000000000000000000000000000000000000000000000000000000000000000000000000000000000000000000000009689000300000           
0330001300044Q 011000062898299715FATIMA SOARES DE AZEVEDO                RUA CONDE DE RESENDE,33,CASA A          BENTO RIBEIRO  21550600RIO DE JANEIRO RJ0000000000000000                                        000000000000                   
0330001300045P 010001001301476520130147652  0000000096903511  0000000000096902012201700000000005244000000 02N310720173000000000000000000000000000000000000000000000000000000000000000000000000000000000000000000000000009690000300000           
0330001300046Q 011000062898299715FATIMA SOARES DE AZEVEDO                RUA CONDE DE RESENDE,33,CASA A          BENTO RIBEIRO  21550600RIO DE JANEIRO RJ0000000000000000                                        000000000000                   
0330001300047P 010001001301476520130147652  0000000096911511  0000000000096912008201700000000003042200000 02N310720173000000000000000000000000000000000000000000000000000000000000000000000000000000000000000000000000009691000300000           
0330001300048Q 011000011244856789VINICIUS ARAUJO DE CARVALHO             AVENIDA PRINCESA ISABEL,166,APT 502     COPACABANA     22011010RIO DE JANEIRO RJ0000000000000000                                        000000000000                   
0330001300049P 010001001301476520130147652  0000000096921511  0000000000096922009201700000000003042200000 02N310720173000000000000000000000000000000000000000000000000000000000000000000000000000000000000000000000000009692000300000           
0330001300050Q 011000011244856789VINICIUS ARAUJO DE CARVALHO             AVENIDA PRINCESA ISABEL,166,APT 502     COPACABANA     22011010RIO DE JANEIRO RJ0000000000000000                                        000000000000                   
0330001300051P 010001001301476520130147652  0000000096938511  0000000000096932010201700000000003042200000 02N310720173000000000000000000000000000000000000000000000000000000000000000000000000000000000000000000000000009693000300000           
0330001300052Q 011000011244856789VINICIUS ARAUJO DE CARVALHO             AVENIDA PRINCESA ISABEL,166,APT 502     COPACABANA     22011010RIO DE JANEIRO RJ0000000000000000                                        000000000000                   
0330001300053P 010001001301476520130147652  0000000096946511  0000000000096942011201700000000003042200000 02N310720173000000000000000000000000000000000000000000000000000000000000000000000000000000000000000000000000009694000300000           
0330001300054Q 011000011244856789VINICIUS ARAUJO DE CARVALHO             AVENIDA PRINCESA ISABEL,166,APT 502     COPACABANA     22011010RIO DE JANEIRO RJ0000000000000000                                        000000000000                   
0330001300055P 010001001301476520130147652  0000000096954511  0000000000096952012201700000000003042200000 02N310720173000000000000000000000000000000000000000000000000000000000000000000000000000000000000000000000000009695000300000           
0330001300056Q 011000011244856789VINICIUS ARAUJO DE CARVALHO             AVENIDA PRINCESA ISABEL,166,APT 502     COPACABANA     22011010RIO DE JANEIRO RJ0000000000000000                                        000000000000                   
0330001300057P 010001001301476520130147652  0000000096962511  0000000000096962008201700000000006035100000 02N310720173000000000000000000000000000000000000000000000000000000000000000000000000000000000000000000000000009696000300000           
0330001300058Q 011000061256692700EUCLIDES MARQUES DOS SANTOS             RUA JUAZEIRO DO NORTE,455               PADRE MIGUEL   21775340RIO DE JANEIRO RJ0000000000000000                                        000000000000                   
0330001300059P 010001001301476520130147652  0000000096971511  0000000000096972009201700000000006035100000 02N310720173000000000000000000000000000000000000000000000000000000000000000000000000000000000000000000000000009697000300000           
0330001300060Q 011000061256692700EUCLIDES MARQUES DOS SANTOS             RUA JUAZEIRO DO NORTE,455               PADRE MIGUEL   21775340RIO DE JANEIRO RJ0000000000000000                                        000000000000                   
0330001300061P 010001001301476520130147652  0000000096989511  0000000000096982010201700000000006035100000 02N310720173000000000000000000000000000000000000000000000000000000000000000000000000000000000000000000000000009698000300000           
0330001300062Q 011000061256692700EUCLIDES MARQUES DOS SANTOS             RUA JUAZEIRO DO NORTE,455               PADRE MIGUEL   21775340RIO DE JANEIRO RJ0000000000000000                                        000000000000                   
0330001300063P 010001001301476520130147652  0000000096997511  0000000000096992011201700000000006035100000 02N310720173000000000000000000000000000000000000000000000000000000000000000000000000000000000000000000000000009699000300000           
0330001300064Q 011000061256692700EUCLIDES MARQUES DOS SANTOS             RUA JUAZEIRO DO NORTE,455               PADRE MIGUEL   21775340RIO DE JANEIRO RJ0000000000000000                                        000000000000                   
0330001300065P 010001001301476520130147652  0000000097004511  0000000000097002012201700000000006035100000 02N310720173000000000000000000000000000000000000000000000000000000000000000000000000000000000000000000000000009700000300000           
0330001300066Q 011000061256692700EUCLIDES MARQUES DOS SANTOS             RUA JUAZEIRO DO NORTE,455               PADRE MIGUEL   21775340RIO DE JANEIRO RJ0000000000000000                                        000000000000                   
0330001300067P 010001001301476520130147652  0000000096768511  0000000000096761008201700000000002868600000 02N310720173000000000000000000000000000000000000000000000000000000000000000000000000000000000000000000000000009676000300000           
0330001300068Q 011000013820013717DIOGO CARNEIRO GONCALVES                RUA BARATA RIBEIRO - DE 572 A,806,APT804COPACABANA?    22051002RIO DE JANEIRO RJ0000000000000000                                        000000000000                   
0330001300069P 010001001301476520130147652  0000000096776511  0000000000096771009201700000000002868600000 02N310720173000000000000000000000000000000000000000000000000000000000000000000000000000000000000000000000000009677000300000           
0330001300070Q 011000013820013717DIOGO CARNEIRO GONCALVES                RUA BARATA RIBEIRO - DE 572 A,806,APT804COPACABANA?    22051002RIO DE JANEIRO RJ0000000000000000                                        000000000000                   
0330001300071P 010001001301476520130147652  0000000096784511  0000000000096781010201700000000002868600000 02N310720173000000000000000000000000000000000000000000000000000000000000000000000000000000000000000000000000009678000300000           
0330001300072Q 011000013820013717DIOGO CARNEIRO GONCALVES                RUA BARATA RIBEIRO - DE 572 A,806,APT804COPACABANA?    22051002RIO DE JANEIRO RJ0000000000000000                                        000000000000                   
0330001300073P 010001001301476520130147652  0000000096792511  0000000000096791011201700000000002868600000 02N310720173000000000000000000000000000000000000000000000000000000000000000000000000000000000000000000000000009679000300000           
0330001300074Q 011000013820013717DIOGO CARNEIRO GONCALVES                RUA BARATA RIBEIRO - DE 572 A,806,APT804COPACABANA?    22051002RIO DE JANEIRO RJ0000000000000000                                        000000000000                   
0330001300075P 010001001301476520130147652  0000000096806511  0000000000096801012201700000000002868600000 02N310720173000000000000000000000000000000000000000000000000000000000000000000000000000000000000000000000000009680000300000           
0330001300076Q 011000013820013717DIOGO CARNEIRO GONCALVES                RUA BARATA RIBEIRO - DE 572 A,806,APT804COPACABANA?    22051002RIO DE JANEIRO RJ0000000000000000                                        000000000000                   
0330001300077P 010001001301476520130147652  0000000097012511  0000000000097012008201700000000002022300000 02N310720173000000000000000000000000000000000000000000000000000000000000000000000000000000000000000000000000009701000300000           
0330001300078Q 011000005618325799EDUARDO JOSE RODRIGUES CHAVES           ESTRADA DO MOINHO,417                   CAMPO GRANDE   23040550RIO DE JANEIRO RJ0000000000000000                                        000000000000                   
0330001300079P 010001001301476520130147652  0000000097021511  0000000000097022009201700000000002022300000 02N310720173000000000000000000000000000000000000000000000000000000000000000000000000000000000000000000000000009702000300000           
0330001300080Q 011000005618325799EDUARDO JOSE RODRIGUES CHAVES           ESTRADA DO MOINHO,417                   CAMPO GRANDE   23040550RIO DE JANEIRO RJ0000000000000000                                        000000000000                   
0330001300081P 010001001301476520130147652  0000000097039511  0000000000097032010201700000000002022300000 02N310720173000000000000000000000000000000000000000000000000000000000000000000000000000000000000000000000000009703000300000           
0330001300082Q 011000005618325799EDUARDO JOSE RODRIGUES CHAVES           ESTRADA DO MOINHO,417                   CAMPO GRANDE   23040550RIO DE JANEIRO RJ0000000000000000                                        000000000000                   
0330001300083P 010001001301476520130147652  0000000097047511  0000000000097042011201700000000002022300000 02N310720173000000000000000000000000000000000000000000000000000000000000000000000000000000000000000000000000009704000300000           
0330001300084Q 011000005618325799EDUARDO JOSE RODRIGUES CHAVES           ESTRADA DO MOINHO,417                   CAMPO GRANDE   23040550RIO DE JANEIRO RJ0000000000000000                                        000000000000                   
0330001300085P 010001001301476520130147652  0000000097055511  0000000000097052012201700000000002022300000 02N310720173000000000000000000000000000000000000000000000000000000000000000000000000000000000000000000000000009705000300000           
0330001300086Q 011000005618325799EDUARDO JOSE RODRIGUES CHAVES           ESTRADA DO MOINHO,417                   CAMPO GRANDE   23040550RIO DE JANEIRO RJ0000000000000000                                        000000000000                   
0330001300087P 010001001301476520130147652  0000000097063511  0000000000097062008201700000000002327300000 02N310720173000000000000000000000000000000000000000000000000000000000000000000000000000000000000000000000000009706000300000           
0330001300088Q 011000007929939774VERONICA DOS SANTOS SILVA GARCIA        RUA BACABAL,46,BL22 APT 306             BANGU          21875250RIO DE JANEIRO RJ0000000000000000                                        000000000000                   
0330001300089P 010001001301476520130147652  0000000097071511  0000000000097072009201700000000002327300000 02N310720173000000000000000000000000000000000000000000000000000000000000000000000000000000000000000000000000009707000300000           
0330001300090Q 011000007929939774VERONICA DOS SANTOS SILVA GARCIA        RUA BACABAL,46,BL22 APT 306             BANGU          21875250RIO DE JANEIRO RJ0000000000000000                                        000000000000                   
0330001300091P 010001001301476520130147652  0000000097081511  0000000000097082010201700000000002327300000 02N310720173000000000000000000000000000000000000000000000000000000000000000000000000000000000000000000000000009708000300000           
0330001300092Q 011000007929939774VERONICA DOS SANTOS SILVA GARCIA        RUA BACABAL,46,BL22 APT 306             BANGU          21875250RIO DE JANEIRO RJ0000000000000000                                        000000000000                   
0330001300093P 010001001301476520130147652  0000000097098511  0000000000097092011201700000000002327300000 02N310720173000000000000000000000000000000000000000000000000000000000000000000000000000000000000000000000000009709000300000           
0330001300094Q 011000007929939774VERONICA DOS SANTOS SILVA GARCIA        RUA BACABAL,46,BL22 APT 306             BANGU          21875250RIO DE JANEIRO RJ0000000000000000                                        000000000000                   
0330001300095P 010001001301476520130147652  0000000097101511  0000000000097102012201700000000002327300000 02N310720173000000000000000000000000000000000000000000000000000000000000000000000000000000000000000000000000009710000300000           
0330001300096Q 011000007929939774VERONICA DOS SANTOS SILVA GARCIA        RUA BACABAL,46,BL22 APT 306             BANGU          21875250RIO DE JANEIRO RJ0000000000000000                                        000000000000                   
03300015         000098                                                                                                                                                                                                                         
03399999         000001000100                                                                                                                                                                                                                   