03300000        2049938327000106000100001201344                         UBRASP - UNIAO BRASILEIRA     Banco Santander                         111052017      000086040                                                                          
03300011R01  030 2049938327000106                    000100001201344     UBRASP - UNIAO BRASILEIRA                                                                                     0000000111052017                                         
0330001300001P 010001001301476520130147652  0000000065561511  0000000000065560706201700000000001455400000 02N110520173000000000000000000000000000000000000000000000000000000000000000000000000000000000000000000000000006556000300000           
0330001300002Q 011000029437932808SHIRLEIDE BATISTA MENDES                RUA DO BISPO,94,BLOCO 02 AP 1207        RIO COMPRIDO   20261064RIO DE JANEIRO RJ0000000000000000                                        000000000000                   
0330001300003P 010001001301476520130147652  0000000065579511  0000000000065570706201700000000002458300000 02N110520173000000000000000000000000000000000000000000000000000000000000000000000000000000000000000000000000006557000300000           
0330001300004Q 011000003341043780CLAUDIA VALERIA VIRGILIO DA SILVA       RUA RAIMUNDO MACEDO SOBRINHO,477,CASA 01VILA ROSALI    25525112SAO JOAO DE MERRJ0000000000000000                                        000000000000                   
0330001300005P 010001001301476520130147652  0000000065587511  0000000000065580706201700000000002458300000 02N110520173000000000000000000000000000000000000000000000000000000000000000000000000000000000000000000000000006558000300000           
0330001300006Q 011000000437767795PAULO ROBERTO DE ASSIS                  RUA DOLOMITA,00,LOTE 14 QUADRA 35       PARQUE ALIAN   25550360SAO JOAO DE MERRJ0000000000000000                                        000000000000                   
0330001300007P 010001001301476520130147652  0000000065625511  0000000000065620706201700000000002168200000 02N110520173000000000000000000000000000000000000000000000000000000000000000000000000000000000000000000000000006562000300000           
0330001300008Q 011000010729067750THIAGO CARVALHO BARBOSA                 RUA IGARAPE-ACU,352,BLOCO 22  AP 105    JACAREPAGUA    22783140RIO DE JANEIRO RJ0000000000000000                                        000000000000                   
0330001300009P 010001001301476520130147652  0000000065595511  0000000000065590106201700000000001865600000 02N110520173000000000000000000000000000000000000000000000000000000000000000000000000000000000000000000000000006559000300000           
0330001300010Q 011000012328092764KARINE MENEZES MARINHO                  RUA CARBONITA,113,BLOCO 03 AP 308       BRAS DE PINA   21215210RIO DE JANEIRO RJ0000000000000000                                        000000000000                   
0330001300011P 010001001301476520130147652  0000000065633511  0000000000065631006201700000000004138800000 02N110520173000000000000000000000000000000000000000000000000000000000000000000000000000000000000000000000000006563000300000           
0330001300012Q 011000000429354746CIRENE FERREIRA DECARO DOS SANTOS DA SILRUA DOUTOR THOUZET,600,BL 4/2 AP 101    QUITANDINHA    25650061PETROPOLIS     RJ0000000000000000                                        000000000000                   
0330001300013P 010001001301476520130147652  0000000065609511  0000000000065600106201700000000002450100000 02N110520173000000000000000000000000000000000000000000000000000000000000000000000000000000000000000000000000006560000300000           
0330001300014Q 011000011866770748MARCELA MARIA GENEROSA                  RUA RIACHUELO,154,AP 202                CENTRO         20230014RIO DE JANEIRO RJ0000000000000000                                        000000000000                   
0330001300015P 010001001301476520130147652  0000000065617511  0000000000065610106201700000000001865600000 02N110520173000000000000000000000000000000000000000000000000000000000000000000000000000000000000000000000000006561000300000           
0330001300016Q 011000014579159799ANNE ANDRADE LIMA                       RUA CACU,70                             TAQUARA        22710074RIO DE JANEIRO RJ0000000000000000                                        000000000000                   
03300015         000018                                                                                                                                                                                                                         
03399999         000001000020                                                                                                                                                                                                                   