03300000        2049938327000106000100001201344                         UBRASP - UNIAO BRASILEIRA     Banco Santander                         118072017      000106040                                                                          
03300011R01  030 2049938327000106                    000100001201344     UBRASP - UNIAO BRASILEIRA                                                                                     0000000118072017                                         
0330001300001P 010001001301476520130147652  0000000095753511  0000000000095750108201700000000002397000000 02N180720173000000000000000000000000000000000000000000000000000000000000000000000000000000000000000000000000009575000300000           
0330001300002Q 011000003556946700VERA LUCIA AUGUSTA DE MORAES            RUA ICURANA,33                          COSMOS         23059340RIO DE JANEIRO RJ0000000000000000                                        000000000000                   
0330001300003P 010001001301476520130147652  0000000095761511  0000000000095760109201700000000002397000000 02N180720173000000000000000000000000000000000000000000000000000000000000000000000000000000000000000000000000009576000300000           
0330001300004Q 011000003556946700VERA LUCIA AUGUSTA DE MORAES            RUA ICURANA,33                          COSMOS         23059340RIO DE JANEIRO RJ0000000000000000                                        000000000000                   
0330001300005P 010001001301476520130147652  0000000095771511  0000000000095770110201700000000002397000000 02N180720173000000000000000000000000000000000000000000000000000000000000000000000000000000000000000000000000009577000300000           
0330001300006Q 011000003556946700VERA LUCIA AUGUSTA DE MORAES            RUA ICURANA,33                          COSMOS         23059340RIO DE JANEIRO RJ0000000000000000                                        000000000000                   
0330001300007P 010001001301476520130147652  0000000095788511  0000000000095780111201700000000002397000000 02N180720173000000000000000000000000000000000000000000000000000000000000000000000000000000000000000000000000009578000300000           
0330001300008Q 011000003556946700VERA LUCIA AUGUSTA DE MORAES            RUA ICURANA,33                          COSMOS         23059340RIO DE JANEIRO RJ0000000000000000                                        000000000000                   
0330001300009P 010001001301476520130147652  0000000095796511  0000000000095790112201700000000002397000000 02N180720173000000000000000000000000000000000000000000000000000000000000000000000000000000000000000000000000009579000300000           
0330001300010Q 011000003556946700VERA LUCIA AUGUSTA DE MORAES            RUA ICURANA,33                          COSMOS         23059340RIO DE JANEIRO RJ0000000000000000                                        000000000000                   
0330001300011P 010001001301476520130147652  0000000095801511  0000000000095800108201700000000004678200000 02N180720173000000000000000000000000000000000000000000000000000000000000000000000000000000000000000000000000009580000300000           
0330001300012Q 011000077791703734MARCIA MARINHO DOS SANTOS               ESTRADA DO CAFUNDA,3211,CASA12 FT       TAQUARA        22725030RIO DE JANEIRO RJ0000000000000000                                        000000000000                   
0330001300013P 010001001301476520130147652  0000000095818511  0000000000095810109201700000000004678200000 02N180720173000000000000000000000000000000000000000000000000000000000000000000000000000000000000000000000000009581000300000           
0330001300014Q 011000077791703734MARCIA MARINHO DOS SANTOS               ESTRADA DO CAFUNDA,3211,CASA12 FT       TAQUARA        22725030RIO DE JANEIRO RJ0000000000000000                                        000000000000                   
0330001300015P 010001001301476520130147652  0000000095826511  0000000000095820110201700000000004678200000 02N180720173000000000000000000000000000000000000000000000000000000000000000000000000000000000000000000000000009582000300000           
0330001300016Q 011000077791703734MARCIA MARINHO DOS SANTOS               ESTRADA DO CAFUNDA,3211,CASA12 FT       TAQUARA        22725030RIO DE JANEIRO RJ0000000000000000                                        000000000000                   
0330001300017P 010001001301476520130147652  0000000095834511  0000000000095830111201700000000004678200000 02N180720173000000000000000000000000000000000000000000000000000000000000000000000000000000000000000000000000009583000300000           
0330001300018Q 011000077791703734MARCIA MARINHO DOS SANTOS               ESTRADA DO CAFUNDA,3211,CASA12 FT       TAQUARA        22725030RIO DE JANEIRO RJ0000000000000000                                        000000000000                   
0330001300019P 010001001301476520130147652  0000000095842511  0000000000095840112201700000000004678200000 02N180720173000000000000000000000000000000000000000000000000000000000000000000000000000000000000000000000000009584000300000           
0330001300020Q 011000077791703734MARCIA MARINHO DOS SANTOS               ESTRADA DO CAFUNDA,3211,CASA12 FT       TAQUARA        22725030RIO DE JANEIRO RJ0000000000000000                                        000000000000                   
0330001300021P 010001001301476520130147652  0000000095851511  0000000000095850108201700000000002397000000 02N180720173000000000000000000000000000000000000000000000000000000000000000000000000000000000000000000000000009585000300000           
0330001300022Q 011000005617038761ADERLANGE PINHEIRO DE LIMA              RUA HONORIO,1128,CASA 2                 TODOS OS SANTOS20771421RIO DE JANEIRO RJ0000000000000000                                        000000000000                   
0330001300023P 010001001301476520130147652  0000000095869511  0000000000095860109201700000000002397000000 02N180720173000000000000000000000000000000000000000000000000000000000000000000000000000000000000000000000000009586000300000           
0330001300024Q 011000005617038761ADERLANGE PINHEIRO DE LIMA              RUA HONORIO,1128,CASA 2                 TODOS OS SANTOS20771421RIO DE JANEIRO RJ0000000000000000                                        000000000000                   
0330001300025P 010001001301476520130147652  0000000095877511  0000000000095870110201700000000002397000000 02N180720173000000000000000000000000000000000000000000000000000000000000000000000000000000000000000000000000009587000300000           
0330001300026Q 011000005617038761ADERLANGE PINHEIRO DE LIMA              RUA HONORIO,1128,CASA 2                 TODOS OS SANTOS20771421RIO DE JANEIRO RJ0000000000000000                                        000000000000                   
0330001300027P 010001001301476520130147652  0000000095885511  0000000000095880111201700000000002397000000 02N180720173000000000000000000000000000000000000000000000000000000000000000000000000000000000000000000000000009588000300000           
0330001300028Q 011000005617038761ADERLANGE PINHEIRO DE LIMA              RUA HONORIO,1128,CASA 2                 TODOS OS SANTOS20771421RIO DE JANEIRO RJ0000000000000000                                        000000000000                   
0330001300029P 010001001301476520130147652  0000000095893511  0000000000095890112201700000000002397000000 02N180720173000000000000000000000000000000000000000000000000000000000000000000000000000000000000000000000000009589000300000           
0330001300030Q 011000005617038761ADERLANGE PINHEIRO DE LIMA              RUA HONORIO,1128,CASA 2                 TODOS OS SANTOS20771421RIO DE JANEIRO RJ0000000000000000                                        000000000000                   
03300015         000032                                                                                                                                                                                                                         
03399999         000001000034                                                                                                                                                                                                                   