03300000        2049938327000106000100001201344                         UBRASP - UNIAO BRASILEIRA     Banco Santander                         114082017      000114040                                                                          
03300011R01  030 2049938327000106                    000100001201344     UBRASP - UNIAO BRASILEIRA                                                                                     0000000114082017                                         
0330001300001P 010001001301476520130147652  0000000099058511  0000000000099052008201700000000003437700000 02N140820173000000000000000000000000000000000000000000000000000000000000000000000000000000000000000000000000009905000300000           
0330001300002Q 011000009395737760VANIA DE PONTES SILVA MORENO AZEVEDO    AVENIDA BRASIL - DE,17575,BLOCO F AP 301IRAJA?         21230043RIO DE JANEIRO RJ0000000000000000                                        000000000000                   
0330001300003P 010001001301476520130147652  0000000099066511  0000000000099062009201700000000003437700000 02N140820173000000000000000000000000000000000000000000000000000000000000000000000000000000000000000000000000009906000300000           
0330001300004Q 011000009395737760VANIA DE PONTES SILVA MORENO AZEVEDO    AVENIDA BRASIL - DE,17575,BLOCO F AP 301IRAJA?         21230043RIO DE JANEIRO RJ0000000000000000                                        000000000000                   
0330001300005P 010001001301476520130147652  0000000099074511  0000000000099072010201700000000003437700000 02N140820173000000000000000000000000000000000000000000000000000000000000000000000000000000000000000000000000009907000300000           
0330001300006Q 011000009395737760VANIA DE PONTES SILVA MORENO AZEVEDO    AVENIDA BRASIL - DE,17575,BLOCO F AP 301IRAJA?         21230043RIO DE JANEIRO RJ0000000000000000                                        000000000000                   
0330001300007P 010001001301476520130147652  0000000099082511  0000000000099082011201700000000003437700000 02N140820173000000000000000000000000000000000000000000000000000000000000000000000000000000000000000000000000009908000300000           
0330001300008Q 011000009395737760VANIA DE PONTES SILVA MORENO AZEVEDO    AVENIDA BRASIL - DE,17575,BLOCO F AP 301IRAJA?         21230043RIO DE JANEIRO RJ0000000000000000                                        000000000000                   
0330001300009P 010001001301476520130147652  0000000099091511  0000000000099092012201700000000003437700000 02N140820173000000000000000000000000000000000000000000000000000000000000000000000000000000000000000000000000009909000300000           
0330001300010Q 011000009395737760VANIA DE PONTES SILVA MORENO AZEVEDO    AVENIDA BRASIL - DE,17575,BLOCO F AP 301IRAJA?         21230043RIO DE JANEIRO RJ0000000000000000                                        000000000000                   
0330001300011P 010001001301476520130147652  0000000099104511  0000000000099102008201700000000005244000000 02N140820173000000000000000000000000000000000000000000000000000000000000000000000000000000000000000000000000009910000300000           
0330001300012Q 011000059069317753MEYRI DE OLIVEIRA FERREIRA              RUA SARGENTO JOSE DE OLIVEIR,100,APT 102COLEGIO        21371470RIO DE JANEIRO RJ0000000000000000                                        000000000000                   
0330001300013P 010001001301476520130147652  0000000099112511  0000000000099112009201700000000005244000000 02N140820173000000000000000000000000000000000000000000000000000000000000000000000000000000000000000000000000009911000300000           
0330001300014Q 011000059069317753MEYRI DE OLIVEIRA FERREIRA              RUA SARGENTO JOSE DE OLIVEIR,100,APT 102COLEGIO        21371470RIO DE JANEIRO RJ0000000000000000                                        000000000000                   
0330001300015P 010001001301476520130147652  0000000099121511  0000000000099122010201700000000005244000000 02N140820173000000000000000000000000000000000000000000000000000000000000000000000000000000000000000000000000009912000300000           
0330001300016Q 011000059069317753MEYRI DE OLIVEIRA FERREIRA              RUA SARGENTO JOSE DE OLIVEIR,100,APT 102COLEGIO        21371470RIO DE JANEIRO RJ0000000000000000                                        000000000000                   
0330001300017P 010001001301476520130147652  0000000099139511  0000000000099132011201700000000005244000000 02N140820173000000000000000000000000000000000000000000000000000000000000000000000000000000000000000000000000009913000300000           
0330001300018Q 011000059069317753MEYRI DE OLIVEIRA FERREIRA              RUA SARGENTO JOSE DE OLIVEIR,100,APT 102COLEGIO        21371470RIO DE JANEIRO RJ0000000000000000                                        000000000000                   
0330001300019P 010001001301476520130147652  0000000099147511  0000000000099142012201700000000005244000000 02N140820173000000000000000000000000000000000000000000000000000000000000000000000000000000000000000000000000009914000300000           
0330001300020Q 011000059069317753MEYRI DE OLIVEIRA FERREIRA              RUA SARGENTO JOSE DE OLIVEIR,100,APT 102COLEGIO        21371470RIO DE JANEIRO RJ0000000000000000                                        000000000000                   
03300015         000022                                                                                                                                                                                                                         
03399999         000001000024                                                                                                                                                                                                                   