03300000        2049938327000106000100001201344                         UBRASP - UNIAO BRASILEIRA     Banco Santander                         122022017      000073040                                                                          
03300011R01  030 2049938327000106                    000100001201344     UBRASP - UNIAO BRASILEIRA                                                                                     0000000122022017                                         
0330001300001P 010001001301476520130147652  0000000051471511  0000000000051471003201700000000001518800000 02N220220173000000000000000000000000000000000000000000000000000000000000000000000000000000000000000000000000005147000300000           
0330001300002Q 011000013195486792ARMANDO CIBILO MENEZES                  RUA PAULA BRITO,71,AP 403               ANDARAI        20541190RIO DE JANEIRO RJ0000000000000000                                        000000000000                   
0330001300003P 010001001301476520130147652  0000000051489511  0000000000051481003201700000000002811000000 02N220220173000000000000000000000000000000000000000000000000000000000000000000000000000000000000000000000000005148000300000           
0330001300004Q 011000002448128707ALESSANDRA CIBILO MENEZES               RUA PAULA BRITO,71,AP 403               ANDARAI        20541190RIO DE JANEIRO RJ0000000000000000                                        000000000000                   
0330001300005P 010001001301476520130147652  0000000051497511  0000000000051491003201700000000002828900000 02N220220173000000000000000000000000000000000000000000000000000000000000000000000000000000000000000000000000005149000300000           
0330001300006Q 011000005700676770PAULO ROBERTO DOS SANTOS BEZERRA CRUZ   RUA DAS LARANJEIRAS,43,BLOCO A AP 604   LARANJEIRAS    22240000RIO DE JANEIRO RJ0000000000000000                                        000000000000                   
0330001300007P 010001001301476520130147652  0000000051501511  0000000000051501003201700000000002811000000 02N220220173000000000000000000000000000000000000000000000000000000000000000000000000000000000000000000000000005150000300000           
0330001300008Q 011000002593405708CINTIA RODRIGUES FERNANDES              RUA FERNAO CARDIM,161,BLOCO 1 AP 1101   ENGENHO DE DENT20771020RIO DE JANEIRO RJ0000000000000000                                        000000000000                   
03300015         000010                                                                                                                                                                                                                         
03399999         000001000012                                                                                                                                                                                                                   