00100000         249938327000106002887755001411019  0595600000000400378 UBRASP                        BANCO DO BRASIL S.A.                    10608201613235000000000000000                                                                     
00100011R01  000 2049938327000106002887755001411019  0595600000000400378 UBRASP                                                                                                        000000000000000000000000                                 
0010001300001P 010595600000000400378 0000000000000000000010 00783            1808201600000000004088200000 02A0608201611908201600000000000000000000000000000000000000000000000000000000000000000000000000000000000000000007832050000090000000000 
0010001300002Q 011000017185472857SEBASTIANA CANO RODRIGUES CESETTI       R JOSE PIRES DE CAMARGO , 3160          GEISEL         17033600BAURU          SP0000000000000000                                        000                            
0010001300003P 010595600000000400378 0000000000000000000010 00784            1808201600000000000473800000 02A0608201611908201600000000000000000000000000000000000000000000000000000000000000000000000000000000000000000007842050000090000000000 
0010001300004Q 011000010022645888SILVANA SANTOS DA ROCHA                 RUA BERGAL, 87                          SAO JOAO CLIMAC04240090SAO PAULO      SP0000000000000000                                        000                            
0010001300005P 010595600000000400378 0000000000000000000010 00785            18082016000000001.2303400000 02A0608201611908201600000000000000000000000000000000000000000000000000000000000000000000000000000000000000000007852050000090000000000 
0010001300006Q 011000065266668849MARIA TEREZA CANDIDO                    RUA MANGUARI, 329 BL B AP 31            VL MARIA       02167080SAO PAULO      SP0000000000000000                                        000                            
0010001300007P 010595600000000400378 0000000000000000000010 00786            1808201600000000001767600000 02A0608201611908201600000000000000000000000000000000000000000000000000000000000000000000000000000000000000000007862050000090000000000 
0010001300008Q 011000053507576872TANIA APARECIDA CHAGAS SOARES           R GALEAZZO ALESSI, 70 AP 162            V MONTE ALEGRE 04305050SAO PAULO      SP0000000000000000                                        000                            
0010001300009P 010595600000000400378 0000000000000000000010 00787            1808201600000000000819000000 02A0608201611908201600000000000000000000000000000000000000000000000000000000000000000000000000000000000000000007872050000090000000000 
0010001300010Q 011000031753805813LEANDRO BATISTA DOS SANTOS              R FRANCISCO ALVES BEZERRA, 872          JD BRASIL      02228001SAO PAULO      SP0000000000000000                                        000                            
0010001300011P 010595600000000400378 0000000000000000000010 00788            1808201600000000001925600000 02A0608201611908201600000000000000000000000000000000000000000000000000000000000000000000000000000000000000000007882050000090000000000 
0010001300012Q 011000088788733653MARINIUZA ALVES DE ALMEIDA              R RUI DE MORAIS APOCALIPSE,312,BLOCO 20 JD DO TIRO     02842260SAO PAULO      SP0000000000000000                                        000                            
0010001300013P 010595600000000400378 0000000000000000000010 00789            1808201600000000001800900000 02A0608201611908201600000000000000000000000000000000000000000000000000000000000000000000000000000000000000000007892050000090000000000 
0010001300014Q 011000007573271840IARA APARECIDA DE ARRUDA                R HELENA AP SECOL, 280 B 03 AP 144      JD PALERMO     09780595S B CAMPO      SP0000000000000000                                        000                            
0010001300015P 010595600000000400378 0000000000000000000010 00790            1808201600000000000819000000 02A0608201611908201600000000000000000000000000000000000000000000000000000000000000000000000000000000000000000007902050000090000000000 
0010001300016Q 011000006348492800MARCELO CINTRA ROLIM                    RUA CARLOS DO PINHAL, 345/2002          C CEZAR        01333001SAO PAULO      SP0000000000000000                                        000                            
0010001300017P 010595600000000400378 0000000000000000000010 00791            1808201600000000005429100000 02A0608201611908201600000000000000000000000000000000000000000000000000000000000000000000000000000000000000000007912050000090000000000 
0010001300018Q 011000004803498865CRISTIANE PERELLO                       RUA UBAIRA, 12                          INDIANOPOLIS   04517140SAO PAULO      SP0000000000000000                                        000                            
0010001300019P 010595600000000400378 0000000000000000000010 00792            1808201600000000001206700000 02A0608201611908201600000000000000000000000000000000000000000000000000000000000000000000000000000000000000000007922050000090000000000 
0010001300020Q 011000001022673831JOSE ANTONIO DE ARAUJO                  ESTRADA DO SABAO, 1403 AP 68 BL 2       JD MARISTELA   02806000SAO PAULO      SP0000000000000000                                        000                            
0010001300021P 010595600000000400378 0000000000000000000010 00793            18082016000000002.5255200000 02A0608201611908201600000000000000000000000000000000000000000000000000000000000000000000000000000000000000000007932050000090000000000 
0010001300022Q 011000004223648861IGNEZ HERNANDES SOARES                  RUA ATILIO PIFFER, 489 AP 22A           CASA VERDE     02516000SAO PAULO      SP0000000000000000                                        000                            
0010001300023P 010595600000000400378 0000000000000000000010 00794            1808201600000000002379600000 02A0608201611908201600000000000000000000000000000000000000000000000000000000000000000000000000000000000000000007942050000090000000000 
0010001300024Q 011000014051162850LUIZ VANDERLEI DE LIMA                  RUA MARANHAO, 111 APTO 8                STO ANTONIO    09541000SAO C SUL      SP0000000000000000                                        000                            
0010001300025P 010595600000000400378 0000000000000000000010 00795            1808201600000000005576100000 02A0608201611908201600000000000000000000000000000000000000000000000000000000000000000000000000000000000000000007952050000090000000000 
0010001300026Q 011000009141965884MARCIA VALERIA SILVA                    R MINISTRO ADAITO CARDOSO 267CASA02     JD BONFIGLIOLI 05588900SAO PAULO      SP0000000000000000                                        000                            
0010001300027P 010595600000000400378 0000000000000000000010 00796            1808201600000000003939500000 02A0608201611908201600000000000000000000000000000000000000000000000000000000000000000000000000000000000000000007962050000090000000000 
0010001300028Q 011000087157470853NEUSA MARIA DE O B FERNANDES            RUA AMAIBA,111                          PARADA INGLESA 02307140SAO PAULO      SP0000000000000000                                        000                            
0010001300029P 010595600000000400378 0000000000000000000010 00797            1808201600000000000819000000 02A0608201611908201600000000000000000000000000000000000000000000000000000000000000000000000000000000000000000007972050000090000000000 
0010001300030Q 011000008695983846JOAO HENRIQUE  TENORIO JUNIOR           R DR ANGELO VITA,112 APTO 154           TATUAPE        03069000SAO PAULO      SP0000000000000000                                        000                            
0010001300031P 010595600000000400378 0000000000000000000010 00798            1808201600000000000580900000 02A0608201611908201600000000000000000000000000000000000000000000000000000000000000000000000000000000000000000007982050000090000000000 
0010001300032Q 011000024595253893THIAGO OLLER DE CASTRO                  R DR JOAQUIM GOMES DE SOUZA,26          BUTANTA        05596100SAO PAULO      SP0000000000000000                                        000                            
0010001300033P 010595600000000400378 0000000000000000000010 00963            18082016000000001.6724900000 02A0608201611908201600000000000000000000000000000000000000000000000000000000000000000000000000000000000000000009632050000090000000000 
0010001300034Q 011000099974584868GERALDO SAMPAIO MAGALHAES               R FLORIANO PEIXOTO 1027                 JD SAO LUIZ    08528330F VASCONCELOS  SP0000000000000000                                        000                            
0010001300035P 010595600000000400378 0000000000000000000010 00799            18082016000000001.1929000000 02A0608201611908201600000000000000000000000000000000000000000000000000000000000000000000000000000000000000000007992050000090000000000 
0010001300036Q 011000075783444804MARISA APARECIDA LOPES PINTER           R ANTONIETA LEITAO, 357 AP 133          FREGUESIA DO O 02925160SAO PAULO      SP0000000000000000                                        000                            
0010001300037P 010595600000000400378 0000000000000000000010 00800            1808201600000000000402300000 02A0608201611908201600000000000000000000000000000000000000000000000000000000000000000000000000000000000000000008002050000090000000000 
0010001300038Q 011000012526032822DULCINEIA BARBOSA GARCIA                AV ARMANDO BEI, 401 AP 44 BL 1          CI NV BONSUCESO07175000GUARULHOS      SP0000000000000000                                        000                            
0010001300039P 010595600000000400378 0000000000000000000010 00801            1808201600000000000648700000 02A0608201611908201600000000000000000000000000000000000000000000000000000000000000000000000000000000000000000008012050000090000000000 
0010001300040Q 011000000340639865ROSALINA FATIMA SILVA SILVEIRA          AV LAZAR SEGAL, 373                     IMIRIM         02543010SAO PAULO      SP0000000000000000                                        000                            
0010001300041P 010595600000000400378 0000000000000000000010 00802            1808201600000000000308400000 02A0608201611908201600000000000000000000000000000000000000000000000000000000000000000000000000000000000000000008022050000090000000000 
0010001300042Q 011000020393191826EMERSON JOSE FERRADOSA DE SOUZA         R ARTHUR BERNARDES 247                  VL INVERNADA   03490000SAO PAULO      SP0000000000000000                                        000                            
0010001300043P 010595600000000400378 0000000000000000000010 00803            18082016000000001.1348300000 02A0608201611908201600000000000000000000000000000000000000000000000000000000000000000000000000000000000000000008032050000090000000000 
0010001300044Q 011000009406831805GLAUCIO MOURA PEREIRA                   R GIACAMA DALAMI, 361                   NOVA GETI      09580350SAO CAETANO    SP0000000000000000                                        000                            
0010001300045P 010595600000000400378 0000000000000000000010 00804            1808201600000000000404700000 02A0608201611908201600000000000000000000000000000000000000000000000000000000000000000000000000000000000000000008042050000090000000000 
0010001300046Q 011000013074770899MARCELO MOURA DE CAMPOS                 RUA MONSENHOR MANOEL GOMES, 261         PIRITUBA       02975120SAO PAULO      SP0000000000000000                                        000                            
0010001300047P 010595600000000400378 0000000000000000000010 00805            18082016000000001.1160700000 02A0608201611908201600000000000000000000000000000000000000000000000000000000000000000000000000000000000000000008052050000090000000000 
0010001300048Q 011000007201595806ISABEL APARECIDA DE ARRUDA              R VIGARIO TAQUESBITTENC,BLOCO AP - 1006 STO AMARO      04755060SAO PAULO      SP0000000000000000                                        000                            
0010001300049P 010595600000000400378 0000000000000000000010 00806            1808201600000000000686100000 02A0608201611908201600000000000000000000000000000000000000000000000000000000000000000000000000000000000000000008062050000090000000000 
0010001300050Q 011000014240434840JOSIANE C NASCIMENTO                    R CONEGO XAVIER, 36                     CID NV HELIOPOL04231030SAO PAULO      SP0000000000000000                                        000                            
0010001300051P 010595600000000400378 0000000000000000000010 00965            1808201600000000005158200000 02A0608201611908201600000000000000000000000000000000000000000000000000000000000000000000000000000000000000000009652050000090000000000 
0010001300052Q 011000008192555801MARIA ANUNCIADA LOPES                   R MANOEL ALVES DOS SANTOS 233           JD LIDIA       05862230SAO PAULO      SP0000000000000000                                        000                            
0010001300053P 010595600000000400378 0000000000000000000010 00807            1808201600000000000402300000 02A0608201611908201600000000000000000000000000000000000000000000000000000000000000000000000000000000000000000008072050000090000000000 
0010001300054Q 011000014039227808ALEXANDRA PEREIRA                       RUA BALACLAVA, 871                      J STO ALBERTO  09260440STO ANDRE      SP0000000000000000                                        000                            
0010001300055P 010595600000000400378 0000000000000000000010 00808            1808201600000000001028000000 02A0608201611908201600000000000000000000000000000000000000000000000000000000000000000000000000000000000000000008082050000090000000000 
0010001300056Q 011000007250788809JOSIANE CAPUCHO SILVA                   RUA LATERAL, 374                        V NOVA IORQUE  03479000SAO PAULO      SP0000000000000000                                        000                            
0010001300057P 010595600000000400378 0000000000000000000010 00809            1808201600000000001206500000 02A0608201611908201600000000000000000000000000000000000000000000000000000000000000000000000000000000000000000008092050000090000000000 
0010001300058Q 011000007612029863HERMOGENES FELIPE FILHO                 RUA PAULO LEOPES DE LEAO, 501           ITAQUERA       08210520SAO PAULO      SP0000000000000000                                        000                            
0010001300059P 010595600000000400378 0000000000000000000010 00810            1808201600000000000784200000 02A0608201611908201600000000000000000000000000000000000000000000000000000000000000000000000000000000000000000008102050000090000000000 
0010001300060Q 011000001470170841SONIA DE OLIVEIRA B CALIXTER            RUA DAS SERINGUEIRAS, 373 AP 74         JABAQUARA      04321070SAO PAULO      SP0000000000000000                                        000                            
0010001300061P 010595600000000400378 0000000000000000000010 00811            1808201600000000000402300000 02A0608201611908201600000000000000000000000000000000000000000000000000000000000000000000000000000000000000000008112050000090000000000 
0010001300062Q 011000034002036880VERONICA GONCALVES DOS SANTOS           R EVANGELISTA DE SOUSA, 1264 AP 02      PQ NOV ORATORIO09226410SANTO ANDRE    SP0000000000000000                                        000                            
0010001300063P 010595600000000400378 0000000000000000000010 00812            1808201600000000000513900000 02A0608201611908201600000000000000000000000000000000000000000000000000000000000000000000000000000000000000000008122050000090000000000 
0010001300064Q 011000018309688822MARISTELA HEREDIA                       R PADRE ANTONIO DE SOUZA LIMA, 170      VL EURO        09810170S B DO CAMPO   SP0000000000000000                                        000                            
0010001300065P 010595600000000400378 0000000000000000000010 00813            1808201600000000003465000000 02A0608201611908201600000000000000000000000000000000000000000000000000000000000000000000000000000000000000000008132050000090000000000 
0010001300066Q 011000003630357881ELY MATOS                               R MARIA MARI,88                         JD MONTE ALEGRE06755390T  DA SERRA    SP0000000000000000                                        000                            
0010001300067P 010595600000000400378 0000000000000000000010 00814            1808201600000000001510800000 02A0608201611908201600000000000000000000000000000000000000000000000000000000000000000000000000000000000000000008142050000090000000000 
0010001300068Q 011000097590223468JACI DE SOUZA E SILVA                   R IGNACIO MANOEL ALTAMIRANO,85          JD SABIA       04856555SAO PAULO      SP0000000000000000                                        000                            
0010001300069P 010595600000000400378 0000000000000000000010 00815            1808201600000000000819000000 02A0608201611908201600000000000000000000000000000000000000000000000000000000000000000000000000000000000000000008152050000090000000000 
0010001300070Q 011000007271790802DENISE FERNANDES FACINA                 RUA ITU, 33 AP 33 BL B                  BAETA NEVES    09751040SAO B DO CAMPO SP0000000000000000                                        000                            
0010001300071P 010595600000000400378 0000000000000000000010 00816            1808201600000000001493600000 02A0608201611908201600000000000000000000000000000000000000000000000000000000000000000000000000000000000000000008162050000090000000000 
0010001300072Q 011000017232866801ADRIANA BERNARDINO DE CARVALHO          RUA LUIZ CASA 80 BLOCO 3A APTO 34       PQ ESPACIAL    09812140S B DO CAMPO   SP0000000000000000                                        000                            
0010001300073P 010595600000000400378 0000000000000000000010 00817            1808201600000000000464200000 02A0608201611908201600000000000000000000000000000000000000000000000000000000000000000000000000000000000000000008172050000090000000000 
0010001300074Q 011000018035780840SONIA APARECIDA DOS SANTOS              R PROGRESSO, 170                        VL AURORA      09780130S B DO CAMPO   SP0000000000000000                                        000                            
0010001300075P 010595600000000400378 0000000000000000000010 00818            1808201600000000000402300000 02A0608201611908201600000000000000000000000000000000000000000000000000000000000000000000000000000000000000000008182050000090000000000 
0010001300076Q 011000030760820864CAMILA SANTOS TEODORO                   RUA CAMPO SANTO, 379 BL 3 APTO 41       PQ DAS NACOES  09280195SANTO ANDRE    SP0000000000000000                                        000                            
0010001300077P 010595600000000400378 0000000000000000000010 00819            1808201600000000003794600000 02A0608201611908201600000000000000000000000000000000000000000000000000000000000000000000000000000000000000000008192050000090000000000 
0010001300078Q 011000005582018816DIRCE PEREIRA SALES                     R GINGADINHO, 44 PASSAGEM D             JD SA BENTO NOV05886410SAO PAULO      SP0000000000000000                                        000                            
0010001300079P 010595600000000400378 0000000000000000000010 00820            18082016000000001.7188100000 02A0608201611908201600000000000000000000000000000000000000000000000000000000000000000000000000000000000000000008202050000090000000000 
0010001300080Q 011000082858195820JOAQUIM DAS CHAGAS SOARES NETO          AV CEL JOSE PIRES DE ANDRADE 646,182    VL ELISIO      04295001SAO PAULO      SP0000000000000000                                        000                            
0010001300081P 010595600000000400378 0000000000000000000010 00821            18082016000000001.2190900000 02A0608201611908201600000000000000000000000000000000000000000000000000000000000000000000000000000000000000000008212050000090000000000 
0010001300082Q 011000005573376829ROGERIO CARLOS CIRINO                   R CEDRO ROSA, 65 BL 01 AP 72            CON H S BRITO  05885400SAO PAULO      SP0000000000000000                                        000                            
0010001300083P 010595600000000400378 0000000000000000000010 00822            1808201600000000001677900000 02A0608201611908201600000000000000000000000000000000000000000000000000000000000000000000000000000000000000000008222050000090000000000 
0010001300084Q 011000003338176805GEREMIAS FILOMENO DE FARIAS             ESTR DAS CABREUVAL, 280                 CH STA MARIA   06856860ITAP DA SERRA  SP0000000000000000                                        000                            
0010001300085P 010595600000000400378 0000000000000000000010 00823            1808201600000000001335800000 02A0608201611908201600000000000000000000000000000000000000000000000000000000000000000000000000000000000000000008232050000090000000000 
0010001300086Q 011000006470787835JOSE ALTAMIRO NUNES DA SILVA            AV MARIA HELENA, 32 CASA 04             JD DINARAH     06703100COTIA          SP0000000000000000                                        000                            
0010001300087P 010595600000000400378 0000000000000000000010 00824            1808201600000000003258900000 02A0608201611908201600000000000000000000000000000000000000000000000000000000000000000000000000000000000000000008242050000090000000000 
0010001300088Q 011000084977809491JAQUELINE MARIA DE BARROS               RUA MUCUGEL,215 AP 505                  JD GUILHERMINA 07273100GUARULHOS      SP0000000000000000                                        000                            
0010001300089P 010595600000000400378 0000000000000000000010 00825            1808201600000000000518500000 02A0608201611908201600000000000000000000000000000000000000000000000000000000000000000000000000000000000000000008252050000090000000000 
0010001300090Q 011000030500537801CLAUDIA SOUSA DA SILVA                  RUA DESCALVADO, 80                      VL FRAN MATARAZ09241210STO ANDRE      SP0000000000000000                                        000                            
0010001300091P 010595600000000400378 0000000000000000000010 00826            1808201600000000002202200000 02A0608201611908201600000000000000000000000000000000000000000000000000000000000000000000000000000000000000000008262050000090000000000 
0010001300092Q 011000024831228842CRISTIANE REGINA D CAPUSSO              AV FRANCISCO MATARAZO, 121 AP 915       AGUA BRANCA    05001000SAO PAULO      SP0000000000000000                                        000                            
0010001300093P 010595600000000400378 0000000000000000000010 00827            1808201600000000003396700000 02A0608201611908201600000000000000000000000000000000000000000000000000000000000000000000000000000000000000000008272050000090000000000 
0010001300094Q 011000003804600840MARIA LUIZA BATISTA                     AV SEN TEOTONIO VILELA 4029 BL,BLOCO 32 JORDENOPOLIS   04833001SAO PAULO      SP0000000000000000                                        000                            
0010001300095P 010595600000000400378 0000000000000000000010 00828            1808201600000000001145100000 02A0608201611908201600000000000000000000000000000000000000000000000000000000000000000000000000000000000000000008282050000090000000000 
0010001300096Q 011000010081975805EMPEDOCLES DOMINGOS DA SILVA            AV GEOVANI GRONCHI, 6675 PQ BRASIL,AP17 VLA ANDRADE    05724902SAO PAULO      SP0000000000000000                                        000                            
0010001300097P 010595600000000400378 0000000000000000000010 00829            1808201600000000004179400000 02A0608201611908201600000000000000000000000000000000000000000000000000000000000000000000000000000000000000000008292050000090000000000 
0010001300098Q 011000006388831800FLORALICE DO CARMO N SILVA              RUA ZEUS, 224                           JD ADELINO     06702115COTIA          SP0000000000000000                                        000                            
0010001300099P 010595600000000400378 0000000000000000000010 00962            1808201600000000006163200000 02A0608201611908201600000000000000000000000000000000000000000000000000000000000000000000000000000000000000000009622050000090000000000 
0010001300100Q 011000001242740805MARIA ANTONIA PAULA                     R RIBEIRAO BARNCO, 58 A                 JD CAIUBI      08588450ITAQUAQUECETUBASP0000000000000000                                        000                            
0010001300101P 010595600000000400378 0000000000000000000010 00830            1808201600000000001315200000 02A0608201611908201600000000000000000000000000000000000000000000000000000000000000000000000000000000000000000008302050000090000000000 
0010001300102Q 011000007998259809CARLOS ALBERTO DE CAMPOS                R FERNANDO COSTA 322                    PQ GERASSI     09120305SANTO ANDRE    SP0000000000000000                                        000                            
0010001300103P 010595600000000400378 0000000000000000000010 00831            1808201600000000000484500000 02A0608201611908201600000000000000000000000000000000000000000000000000000000000000000000000000000000000000000008312050000090000000000 
0010001300104Q 011000000383259851ELISABETE MARTINES LOPES                RUA DAS ORQUIDEAS, 239 BL 02 AP 21      VL MARCHI      09810390S B CAMPO      SP0000000000000000                                        000                            
0010001300105P 010595600000000400378 0000000000000000000010 00832            1808201600000000004509700000 02A0608201611908201600000000000000000000000000000000000000000000000000000000000000000000000000000000000000000008322050000090000000000 
0010001300106Q 011000024928768884SHIRLEI PEREIRA PENHA                   R JACOBI VALENTINO DASSOLI, 14 AP,401   JD IRAJA       09781400SAO B CAMPO    SP0000000000000000                                        000                            
0010001300107P 010595600000000400378 0000000000000000000010 00833            1808201600000000000308400000 02A0608201611908201600000000000000000000000000000000000000000000000000000000000000000000000000000000000000000008332050000090000000000 
0010001300108Q 011000016173912805SILVIO CUSTODIO                         R DR CINCINATO BRAGA, 691 BL 02,54      PLANALTO       09890300SAO B DO CAMPO SP0000000000000000                                        000                            
0010001300109P 010595600000000400378 0000000000000000000010 00834            1808201600000000000518600000 02A0608201611908201600000000000000000000000000000000000000000000000000000000000000000000000000000000000000000008342050000090000000000 
0010001300110Q 011000005530538843REGINA CELIA DA SILVA CARVALHO          EST DOUGLAS W GOMES DE ARAUJO, 35       JD BOM SUCESSO 06335140CARAPICUIBA    SP0000000000000000                                        000                            
0010001300111P 010595600000000400378 0000000000000000000010 00835            1808201600000000000819000000 02A0608201611908201600000000000000000000000000000000000000000000000000000000000000000000000000000000000000000008352050000090000000000 
0010001300112Q 011000004889769870UBALDO REGIS PEROSSI CARRADO            R RELOGIO DO SOL, 147                   LAPA           05065080SAO PAULO      SP0000000000000000                                        000                            
0010001300113P 010595600000000400378 0000000000000000000010 00836            1808201600000000000518600000 02A0608201611908201600000000000000000000000000000000000000000000000000000000000000000000000000000000000000000008362050000090000000000 
0010001300114Q 011000008009875864ELZA FELIX DOS SANTOS                   RUA GREGORIO DE MATOS GUERRA, 76        BAIRRO CASAS   09850040SAO B DO CAMPO SP0000000000000000                                        000                            
0010001300115P 010595600000000400378 0000000000000000000010 00837            1808201600000000000261500000 02A0608201611908201600000000000000000000000000000000000000000000000000000000000000000000000000000000000000000008372050000090000000000 
0010001300116Q 011000025999769876CLAUDIA VIEIRA MOTA                     R TELEMENEZES 117                       JD SILVINIA    09791160SAO B DO CAMPO SP0000000000000000                                        000                            
0010001300117P 010595600000000400378 0000000000000000000010 00838            1808201600000000002839200000 02A0608201611908201600000000000000000000000000000000000000000000000000000000000000000000000000000000000000000008382050000090000000000 
0010001300118Q 011000026423964874SIMONE APARECIDA SANTOS                 R MIGUEL GONCALVES DOS REIS, 135        MORRO GRANDE   02809050SAO PAULO      SP0000000000000000                                        000                            
0010001300119P 010595600000000400378 0000000000000000000010 00839            1808201600000000000464200000 02A0608201611908201600000000000000000000000000000000000000000000000000000000000000000000000000000000000000000008392050000090000000000 
0010001300120Q 011000011111111111JOSE CARLOS ALVES DA SILVA              ESTRADA SAO FRANCISCO, 1668 AP,BLOCO 02 JD ENRIQUETA   06764290TABOAO DA SERRASP0000000000000000                                        000                            
0010001300121P 010595600000000400378 0000000000000000000010 00879            1808201600000000003627900000 02A0608201611908201600000000000000000000000000000000000000000000000000000000000000000000000000000000000000000008792050000090000000000 
0010001300122Q 011000006113811840RAQUEL DE CASTRO COTTING                RUA GERMANIA, 1221                      PQ NOV ORATORIO09260250STO ANDRE      SP0000000000000000                                        000                            
0010001300123P 010595600000000400378 0000000000000000000010 00840            1808201600000000001990800000 02A0608201611908201600000000000000000000000000000000000000000000000000000000000000000000000000000000000000000008402050000090000000000 
0010001300124Q 011000005773898829MARIA APARECIDA MAZAIA                  TRAV ITAPOLIS, 16                       V F MATARAZZO  09240550STO ANDRE      SP0000000000000000                                        000                            
0010001300125P 010595600000000400378 0000000000000000000010 00841            1808201600000000000518600000 02A0608201611908201600000000000000000000000000000000000000000000000000000000000000000000000000000000000000000008412050000090000000000 
0010001300126Q 011000009256803895VERA ALICE DE LIMA                      RUA GIUSEPPE ULIANI, S/N CASA 206       JD QUATRO MARIA09820160SAO B DO CAMPO SP0000000000000000                                        000                            
0010001300127P 010595600000000400378 0000000000000000000010 00842            1808201600000000000428300000 02A0608201611908201600000000000000000000000000000000000000000000000000000000000000000000000000000000000000000008422050000090000000000 
0010001300128Q 011000015639490837LUCIANO DE LIMA DOS SANTOS              RUA MIGUEL GALINDO NAVARRO437 CASA7     JD ARAGUAIA    09371335MAUA           SP0000000000000000                                        000                            
0010001300129P 010595600000000400378 0000000000000000000010 00843            1808201600000000000518600000 02A0608201611908201600000000000000000000000000000000000000000000000000000000000000000000000000000000000000000008432050000090000000000 
0010001300130Q 011000007411862843JOSELIO OLIVEIRA SANTOS                 R ANTONIO RAPOSSO BARRETO, 31 BL 04,32  JD DAS FLORES  04904170SAO PAULO      SP0000000000000000                                        000                            
0010001300131P 010595600000000400378 0000000000000000000010 00844            1808201600000000002839200000 02A0608201611908201600000000000000000000000000000000000000000000000000000000000000000000000000000000000000000008442050000090000000000 
0010001300132Q 011000027433748881KELLY REGINA MASTROGIOVANNI             R NEGATA, 100                           JD JAPAO       02124080SAO PAULO      SP0000000000000000                                        000                            
0010001300133P 010595600000000400378 0000000000000000000010 00845            1808201600000000001347500000 02A0608201611908201600000000000000000000000000000000000000000000000000000000000000000000000000000000000000000008452050000090000000000 
0010001300134Q 011000008647742818FATIMA A F GIANCATERINO                 R BRASILIO MACHADO, 173 AP62 6ANDAR     CENTRO         09715140SAO B DO CAMPO SP0000000000000000                                        000                            
0010001300135P 010595600000000400378 0000000000000000000010 00846            1808201600000000002202200000 02A0608201611908201600000000000000000000000000000000000000000000000000000000000000000000000000000000000000000008462050000090000000000 
0010001300136Q 011000053670167315LEIDIANA BARREIRA CORADO DE SOUSA       R JULIO COLACO, 555                     VL ARICANDUVA  03502050SAO PAULO      SP0000000000000000                                        000                            
0010001300137P 010595600000000400378 0000000000000000000010 00847            1808201600000000002202200000 02A0608201611908201600000000000000000000000000000000000000000000000000000000000000000000000000000000000000000008472050000090000000000 
0010001300138Q 011000016174494829KATIA DOS SANTOS                        R NOSA SRA BOM CONSELHO,451AP17,BLOCO E CAMPO LIMPO    05763470SAO PAULO      SP0000000000000000                                        000                            
0010001300139P 010595600000000400378 0000000000000000000010 00848            1808201600000000001767600000 02A0608201611908201600000000000000000000000000000000000000000000000000000000000000000000000000000000000000000008482050000090000000000 
0010001300140Q 011000082913692834JOSE RUBENS QUADRADO                    AV BRIG MANOEL R JORDAO, 347            JD SILVEIRA    06433010BARUERI        SP0000000000000000                                        000                            
0010001300141P 010595600000000400378 0000000000000000000010 00849            1808201600000000008110500000 02A0608201611908201600000000000000000000000000000000000000000000000000000000000000000000000000000000000000000008492050000090000000000 
0010001300142Q 011000013009897855EDSON CONCEICAO DO NASCIMENTO           R JOAO MATEUS RINDON, 294               PQ SAO RAFAEL  08320240SAO PAULO      SP0000000000000000                                        000                            
0010001300143P 010595600000000400378 0000000000000000000010 00850            1808201600000000000286500000 02A0608201611908201600000000000000000000000000000000000000000000000000000000000000000000000000000000000000000008502050000090000000000 
0010001300144Q 011000027181919881VANDERLEI FLORENTINO DE LIMA            R JOSUE DE CASTRO, 538                  JD DAS PALMAS  09854050SAO B DO CAMPO SP0000000000000000                                        000                            
0010001300145P 010595600000000400378 0000000000000000000010 00851            1808201600000000003259800000 02A0608201611908201600000000000000000000000000000000000000000000000000000000000000000000000000000000000000000008512050000090000000000 
0010001300146Q 011000005792490856ROGERIO DELGADO DE AGUILAR              R AUGUSTO CARLOS BAUMAN, 1033           ITAQUERA       08210590SAO PAULO      SP0000000000000000                                        000                            
0010001300147P 010595600000000400378 0000000000000000000010 00852            18082016000000002.4236000000 02A0608201611908201600000000000000000000000000000000000000000000000000000000000000000000000000000000000000000008522050000090000000000 
0010001300148Q 011000021924287820SONIA MARIA FERNANDES N SILVA           RUA CATIPARA, 49                        BROKLIN NOVO   04561060SAO PAULO      SP0000000000000000                                        000                            
0010001300149P 010595600000000400378 0000000000000000000010 00853            1808201600000000001056000000 02A0608201611908201600000000000000000000000000000000000000000000000000000000000000000000000000000000000000000008532050000090000000000 
0010001300150Q 011000014626502873ROSELI CRISTINA MARTINS                 AV SARA LIRLIS, 222 BL 05 AP 1001       VL GESTOMAR    09130220STO ANDRE      SP0000000000000000                                        000                            
0010001300151P 010595600000000400378 0000000000000000000010 00854            1808201600000000008846600000 02A0608201611908201600000000000000000000000000000000000000000000000000000000000000000000000000000000000000000008542050000090000000000 
0010001300152Q 011000003959642881EDI CANDIDA SOUZA DA SILVA              R FRANCISCO OLAVO DE ASSIS, 165         VL PIAUI       05109070SAO PAULO      SP0000000000000000                                        000                            
0010001300153P 010595600000000400378 0000000000000000000010 00855            1808201600000000006833300000 02A0608201611908201600000000000000000000000000000000000000000000000000000000000000000000000000000000000000000008552050000090000000000 
0010001300154Q 011000078476984804AILTON APARECIDO ROSSINI                R MIN NELSON HUNGRIA, 326 C 21          JD DO LAGO     09840670SAO B DO CAMPO SP0000000000000000                                        000                            
0010001300155P 010595600000000400378 0000000000000000000010 00856            1808201600000000000963000000 02A0608201611908201600000000000000000000000000000000000000000000000000000000000000000000000000000000000000000008562050000090000000000 
0010001300156Q 011000016102175867ANA PAULA BARBOSA SOUZA                 AV DR ALBERTO JACKSON BRI,BLOCO 04 - 24 VL MENK        06273050OSASCO         SP0000000000000000                                        000                            
0010001300157P 010595600000000400378 0000000000000000000010 00857            1808201600000000000308400000 02A0608201611908201600000000000000000000000000000000000000000000000000000000000000000000000000000000000000000008572050000090000000000 
0010001300158Q 011000025625236879MARCELO DE OLIVEIRA BONETTI             R CARLOS MARIGUELA, 352                 JD TEREZA      02875000SAO PAULO      SP0000000000000000                                        000                            
0010001300159P 010595600000000400378 0000000000000000000010 00858            1808201600000000002744100000 02A0608201611908201600000000000000000000000000000000000000000000000000000000000000000000000000000000000000000008582050000090000000000 
0010001300160Q 011000001121330886MARIA LUCIA DE FATIMA                   R DR.IGNACIO PROENCA DE GOUVEIA,911     CASA VERDE     02534010SAO PAULO      SP0000000000000000                                        000                            
0010001300161P 010595600000000400378 0000000000000000000010 00859            1808201600000000000522400000 02A0608201611908201600000000000000000000000000000000000000000000000000000000000000000000000000000000000000000008592050000090000000000 
0010001300162Q 011000021442382864ADRIANA CRISTINA BOLDRIN                R PAPA PAULO VI, 200 AP 43 ED SANTO     JD IRAJA       09781250SAO B DO CAMPO SP0000000000000000                                        000                            
0010001300163P 010595600000000400378 0000000000000000000010 00860            1808201600000000001033800000 02A0608201611908201600000000000000000000000000000000000000000000000000000000000000000000000000000000000000000008602050000090000000000 
0010001300164Q 011000009737924851VERA LOPES DA SILVA                     R EMILIO RIBAS, 210                     L APIAL        09185380STO ANDRE      SP0000000000000000                                        000                            
0010001300165P 010595600000000400378 0000000000000000000010 00861            1808201600000000001669000000 02A0608201611908201600000000000000000000000000000000000000000000000000000000000000000000000000000000000000000008612050000090000000000 
0010001300166Q 011000025790828833MARIA DE FATIMA A P MENDRIGO            AV JOSE ESTEVAS DE MAGALHA,BLOCO 51 - B JABAQUARA      04332050SAO PAULO      SP0000000000000000                                        000                            
0010001300167P 010595600000000400378 0000000000000000000010 00862            1808201600000000001342300000 02A0608201611908201600000000000000000000000000000000000000000000000000000000000000000000000000000000000000000008622050000090000000000 
0010001300168Q 011000019241729848ELAINE MIRANDA ZEFERINO                 RUA PATRICIA GALVAO, 20                 POR DO SOL     09951496DIADEMA        SP0000000000000000                                        000                            
0010001300169P 010595600000000400378 0000000000000000000010 00863            1808201600000000000354600000 02A0608201611908201600000000000000000000000000000000000000000000000000000000000000000000000000000000000000000008632050000090000000000 
0010001300170Q 011000011238251811VERA APARECIDA DAMACENO                 R MARIA JOANA ROSA , 96                 JD DE ABRIL    06040040OSASCO         SP0000000000000000                                        000                            
0010001300171P 010595600000000400378 0000000000000000000010 00864            1808201600000000000805900000 02A0608201611908201600000000000000000000000000000000000000000000000000000000000000000000000000000000000000000008642050000090000000000 
0010001300172Q 011000008368028884CLAUDIO DOMINGUES                       ESTRADA DE ITAPECERICA, 1528 AP,BLOCO 1 ITAPECERICA    05835004ITAPEC DA SERRASP0000000000000000                                        000                            
0010001300173P 010595600000000400378 0000000000000000000010 00865            18082016000000001.7359700000 02A0608201611908201600000000000000000000000000000000000000000000000000000000000000000000000000000000000000000008652050000090000000000 
0010001300174Q 011000001192409809ALLAN KARDEC MACIEL BINDES              R DRIADES 180 BLOCO 1 APTO 04           S MIGUEL PTA   08040460SAO PAULO      SP0000000000000000                                        000                            
0010001300175P 010595600000000400378 0000000000000000000010 00866            18082016000000001.2100600000 02A0608201611908201600000000000000000000000000000000000000000000000000000000000000000000000000000000000000000008662050000090000000000 
0010001300176Q 011000000238262820MARIA APARECIDA G CAOBIANCO             R HEITOR PENTEADO, 1540 AP 92           SUMAREZINHO    05438200SAO PAULO      SP0000000000000000                                        000                            
0010001300177P 010595600000000400378 0000000000000000000010 00867            1808201600000000000531400000 02A0608201611908201600000000000000000000000000000000000000000000000000000000000000000000000000000000000000000008672050000090000000000 
0010001300178Q 011000011963826892NADIR CRISTINA DA SILVA                 R DIOGO BOTELHO, 80                     JD ALBA CASA GR09963060DIADEMA        SP0000000000000000                                        000                            
0010001300179P 010595600000000400378 0000000000000000000010 00868            1808201600000000001033800000 02A0608201611908201600000000000000000000000000000000000000000000000000000000000000000000000000000000000000000008682050000090000000000 
0010001300180Q 011000008209168894MARIA DE FATIMA DOS SANTOS              R NICOLAU SINGER, 27                    DEMARCHE       09820310S B CAMPO      SP0000000000000000                                        000                            
0010001300181P 010595600000000400378 0000000000000000000010 00869            1808201600000000003356700000 02A0608201611908201600000000000000000000000000000000000000000000000000000000000000000000000000000000000000000008692050000090000000000 
0010001300182Q 011000003322325814ALEXANDRE ARCANJO AVARESE               R GERALDO PIRES SANTOS GONCALVES14,AP85 JD SAO PAULO   05843230SAO PAULO      SP0000000000000000                                        000                            
0010001300183P 010595600000000400378 0000000000000000000010 00870            1808201600000000000464300000 02A0608201611908201600000000000000000000000000000000000000000000000000000000000000000000000000000000000000000008702050000090000000000 
0010001300184Q 011000006554238859LILIANE CRISTINE ROSA                   R JOSE PALOMINO, 53                     VILA SILVIA    03280020SAO PAULO      SP0000000000000000                                        000                            
0010001300185P 010595600000000400378 0000000000000000000010 00871            1808201600000000002839200000 02A0608201611908201600000000000000000000000000000000000000000000000000000000000000000000000000000000000000000008712050000090000000000 
0010001300186Q 011000025594670890GIOVANA DE FIGUEIREDO FERREIRA          RUA PROFESSOR TULIO ASCARELLI 192       VL MADALENA    05449020SAO PAULO      SP0000000000000000                                        000                            
0010001300187P 010595600000000400378 0000000000000000000010 00872            18082016000000001.4092800000 02A0608201611908201600000000000000000000000000000000000000000000000000000000000000000000000000000000000000000008722050000090000000000 
0010001300188Q 011000059859326800AMAURI VITTORINO DA SILVA               R SASSAKI, 50  APTO 83                  VL MARARI      04403000SAO PAULO      SP0000000000000000                                        000                            
0010001300189P 010595600000000400378 0000000000000000000010 00873            1808201600000000000543600000 02A0608201611908201600000000000000000000000000000000000000000000000000000000000000000000000000000000000000000008732050000090000000000 
0010001300190Q 011000018476130805ED CARLOS FERREIRA LIMA                 RUA PROF ANTONIO AUFTREGE,BLOCO CS - 15 PQ STO ANTONIO 05867000SAO PAULO      SP0000000000000000                                        000                            
0010001300191P 010595600000000400378 0000000000000000000010 00874            1808201600000000000774900000 02A0608201611908201600000000000000000000000000000000000000000000000000000000000000000000000000000000000000000008742050000090000000000 
0010001300192Q 011000005814188839SERGIO PINTO DE BARROS                  RUA BARIRI, 423 AP 07                   PQ PARAISO     06850430ITA SERRA      SP0000000000000000                                        000                            
0010001300193P 010595600000000400378 0000000000000000000010 00875            1808201600000000000970900000 02A0608201611908201600000000000000000000000000000000000000000000000000000000000000000000000000000000000000000008752050000090000000000 
0010001300194Q 011000038436103807NEUSA DAS GRACAS MARTINS                R ALEXANDRE RAPIN, 23 AP 92             JD CELESTE     04195110SAO PAULO      SP0000000000000000                                        000                            
0010001300195P 010595600000000400378 0000000000000000000010 00876            1808201600000000001678400000 02A0608201611908201600000000000000000000000000000000000000000000000000000000000000000000000000000000000000000008762050000090000000000 
0010001300196Q 011000016750762867CLEITON CARLOS                          AV JOSE ODORIZZI, 2471 B8 AP 22         ASSUNCAO       09861001SAO B CAMPO    SP0000000000000000                                        000                            
0010001300197P 010595600000000400378 0000000000000000000010 00877            1808201600000000001154700000 02A0608201611908201600000000000000000000000000000000000000000000000000000000000000000000000000000000000000000008772050000090000000000 
0010001300198Q 011000010066972841IOLANDA GERMANO DOS SANTOS              R ANITA MAFALTTI, 383                   HORIZONTALPARQE06710805COTIA          SP0000000000000000                                        000                            
0010001300199P 010595600000000400378 0000000000000000000010 00878            1808201600000000001262200000 02A0608201611908201600000000000000000000000000000000000000000000000000000000000000000000000000000000000000000008782050000090000000000 
0010001300200Q 011000014509790848JOSE ROBERTO PIRES BARBOZA              VIELA ANTONIO MENDES SOBRINHO, 28,CS 2  JUQUITIBA      06950000SAO PAULO      SP0000000000000000                                        000                            
0010001300201P 010595600000000400378 0000000000000000000010 00880            1808201600000000000965400000 02A0608201611908201600000000000000000000000000000000000000000000000000000000000000000000000000000000000000000008802050000090000000000 
0010001300202Q 011000014906504825DIONISIO LEITE RIBEIRO                  R ENI ALVES SOUZA LEITE, 51             JD STA MARGARID11111111SAO PAULO      SP0000000000000000                                        000                            
0010001300203P 010595600000000400378 0000000000000000000010 00881            1808201600000000000518600000 02A0608201611908201600000000000000000000000000000000000000000000000000000000000000000000000000000000000000000008812050000090000000000 
0010001300204Q 011000026655583861MARIA HELENA FERREIRA COSTA             R EDUARDO LOBO, 194                     PQ IMPERIAL    04302090SAO PAULO      SP0000000000000000                                        000                            
0010001300205P 010595600000000400378 0000000000000000000010 00882            1808201600000000000308400000 02A0608201611908201600000000000000000000000000000000000000000000000000000000000000000000000000000000000000000008822050000090000000000 
0010001300206Q 011000026039111801REGIS ELOY LOPES DE OLIVEIRA            R PAPA PAULO VI, 200 AP 43              JD IRAJA       09781250SAO B DO CAMPO SP0000000000000000                                        000                            
0010001300207P 010595600000000400378 0000000000000000000010 00883            1808201600000000000543200000 02A0608201611908201600000000000000000000000000000000000000000000000000000000000000000000000000000000000000000008832050000090000000000 
0010001300208Q 011000001154017842ZILDA MARIA DA ROCHA DE MOURA           R PROF TOMAZ DE AQUINO, 403             IPIRANGA       04118010SAO PAULO      SP0000000000000000                                        000                            
0010001300209P 010595600000000400378 0000000000000000000010 00884            1808201600000000004031200000 02A0608201611908201600000000000000000000000000000000000000000000000000000000000000000000000000000000000000000008842050000090000000000 
0010001300210Q 011000003698338807MARIA CRISTINA ORTIZ                    AV ORDEM E PROGRESSO, 1236 24 A         CASA VERDE     02518130SAO PAULO      SP0000000000000000                                        000                            
0010001300211P 010595600000000400378 0000000000000000000010 00885            1808201600000000000675800000 02A0608201611908201600000000000000000000000000000000000000000000000000000000000000000000000000000000000000000008852050000090000000000 
0010001300212Q 011000025134977836GLORIA ALVES DE SOUZA                   R ROLANDO GAMBINI, 56                   ASSUNCAO       09811130SAO B DO CAMPO SP0000000000000000                                        000                            
0010001300213P 010595600000000400378 0000000000000000000010 00958            1808201600000000006833300000 02A0608201611908201600000000000000000000000000000000000000000000000000000000000000000000000000000000000000000009582050000090000000000 
0010001300214Q 011000099741644868MARLI RODRIGUES SILVA                   R MANOEL GARCIA BERNARDES, 125          VL JOANIZA     04403260SAO PAULO      SP0000000000000000                                        000                            
0010001300215P 010595600000000400378 0000000000000000000010 00886            1808201600000000000464300000 02A0608201611908201600000000000000000000000000000000000000000000000000000000000000000000000000000000000000000008862050000090000000000 
0010001300216Q 011000012522543857MARIA NOELY DE ALMEIDA SALES            R POTI, 10                              JD CRISPIM     06866180ITAP SERRA     SP0000000000000000                                        000                            
0010001300217P 010595600000000400378 0000000000000000000010 00887            1808201600000000000308400000 02A0608201611908201600000000000000000000000000000000000000000000000000000000000000000000000000000000000000000008872050000090000000000 
0010001300218Q 011000025448572855ANA CLAUDIA DA CUNHA RIBEIRO            RUA ADOLFO, 286 AP 31B                  JD CELESTE     04195070SAO PAULO      SP0000000000000000                                        000                            
0010001300219P 010595600000000400378 0000000000000000000010 00888            1808201600000000001235700000 02A0608201611908201600000000000000000000000000000000000000000000000000000000000000000000000000000000000000000008882050000090000000000 
0010001300220Q 011000017858866818VALQUIRIA APARECIDA DA SILVA            RUA VITORIO CHIAROTT, 203               JD MAUA        09340350MAUA           SP0000000000000000                                        000                            
0010001300221P 010595600000000400378 0000000000000000000010 00889            18082016000000002.1419800000 02A0608201611908201600000000000000000000000000000000000000000000000000000000000000000000000000000000000000000008892050000090000000000 
0010001300222Q 011000015607077802MARIA LENI DO NASCIMENTO OLIVEIRA       R EMILIO BOIAGO, 292                    VILA ANA       09340060MAUA           SP0000000000000000                                        000                            
0010001300223P 010595600000000400378 0000000000000000000010 00890            1808201600000000000895400000 02A0608201611908201600000000000000000000000000000000000000000000000000000000000000000000000000000000000000000008902050000090000000000 
0010001300224Q 011000025080704837ERICA MARSON MACHADO                    R TIRADENTES, 1933 AP 22 BL 8           STA TEREZINHA  09781220SAO B DO CAMPO SP0000000000000000                                        000                            
0010001300225P 010595600000000400378 0000000000000000000010 00891            1808201600000000000675700000 02A0608201611908201600000000000000000000000000000000000000000000000000000000000000000000000000000000000000000008912050000090000000000 
0010001300226Q 011000025081040860FLAVIA MARTINS                          R FRANCISCO VISENTAINER,549 AP2121      ASSUNCAO       09861630SAO B DO CAMPO SP0000000000000000                                        000                            
0010001300227P 010595600000000400378 0000000000000000000010 00892            1808201600000000001824500000 02A0608201611908201600000000000000000000000000000000000000000000000000000000000000000000000000000000000000000008922050000090000000000 
0010001300228Q 011000005354701856ADENAIDE MARINHEIRO DE LIMA             RUA LAGOINHA DE LESTE,222               JD CECI        02872060SAO PAULO      SP0000000000000000                                        000                            
0010001300229P 010595600000000400378 0000000000000000000010 00893            1808201600000000002569500000 02A0608201611908201600000000000000000000000000000000000000000000000000000000000000000000000000000000000000000008932050000090000000000 
0010001300230Q 011000014422490800MARCOS ANTONIO TORRES                   R COLONIA LEOPOLDINA, 193 AP 14         ERM.MATARAZO   03821020SAO PAULO      SP0000000000000000                                        000                            
0010001300231P 010595600000000400378 0000000000000000000010 00894            1808201600000000000402300000 02A0608201611908201600000000000000000000000000000000000000000000000000000000000000000000000000000000000000000008942050000090000000000 
0010001300232Q 011000028668694863ALINE ARAUJO DINIZ                      R CUZCO, 217                            JD SAULO ALBERT09260280SAO PAULO      SP0000000000000000                                        000                            
0010001300233P 010595600000000400378 0000000000000000000010 00895            1808201600000000003480000000 02A0608201611908201600000000000000000000000000000000000000000000000000000000000000000000000000000000000000000008952050000090000000000 
0010001300234Q 011000004575259837MAISA CRISTINA CARVALHO                 RUA BETA, 127                           VL MAZZEI      09172520STO ANDRE      SP0000000000000000                                        000                            
0010001300235P 010595600000000400378 0000000000000000000010 00896            1808201600000000000308400000 02A0608201611908201600000000000000000000000000000000000000000000000000000000000000000000000000000000000000000008962050000090000000000 
0010001300236Q 011000021476970874PATRICIA DA CONCEICAO DE MELO           R GOIAS, 104                            PQ DAS FONTES  09430480RIBEIRAO PIRES SP0000000000000000                                        000                            
0010001300237P 010595600000000400378 0000000000000000000010 00897            18082016000000001.6129600000 02A0608201611908201600000000000000000000000000000000000000000000000000000000000000000000000000000000000000000008972050000090000000000 
0010001300238Q 011000007269224803LAERCIO SANGIORATTO                     RUA ARALDO ARMANI, 336                  VL SAO SILVERIO09895740S B DO CAMPO   SP0000000000000000                                        000                            
0010001300239P 010595600000000400378 0000000000000000000010 00898            1808201600000000000686100000 02A0608201611908201600000000000000000000000000000000000000000000000000000000000000000000000000000000000000000008982050000090000000000 
0010001300240Q 011000014041925819MARIA DA GLORIA DE FREITAS SOUSA        R JOSE HENRIQUE DE ALMEIDA, 45          VL SAO JOAO    09340580MAUA           SP0000000000000000                                        000                            
0010001300241P 010595600000000400378 0000000000000000000010 00899            1808201600000000000464300000 02A0608201611908201600000000000000000000000000000000000000000000000000000000000000000000000000000000000000000008992050000090000000000 
0010001300242Q 011000068544235700SANDRA MARIA DE SOUZA ARAUJO            R DR ZUQUIM, 472 AP 07                  SANTANA        02035020SAO PAULO      SP0000000000000000                                        000                            
0010001300243P 010595600000000400378 0000000000000000000010 00900            1808201600000000002839200000 02A0608201611908201600000000000000000000000000000000000000000000000000000000000000000000000000000000000000000009002050000090000000000 
0010001300244Q 011000016770309840PAULA APARECIDA DE A C DA SILVA         R IPE, 563 BL 24 AP 107                 JD ESTRELA     09340570MAUA           SP0000000000000000                                        000                            
0010001300245P 010595600000000400378 0000000000000000000010 00901            1808201600000000000464200000 02A0608201611908201600000000000000000000000000000000000000000000000000000000000000000000000000000000000000000009012050000090000000000 
0010001300246Q 011000012820191800MARCIO A VIAN MOURAO                    R DR PAULO RIBEIRO COELHO, 172          RIO PEQUENO    05374000SAO PAULO      SP0000000000000000                                        000                            
0010001300247P 010595600000000400378 0000000000000000000010 00902            1808201600000000001251400000 02A0608201611908201600000000000000000000000000000000000000000000000000000000000000000000000000000000000000000009022050000090000000000 
0010001300248Q 011000007338804877CLAUDIO DOS SANTOS SILVA                FRANCISCO SOLER, 427                    JD PIRITUBA    05143280SAO PAULO      SP0000000000000000                                        000                            
0010001300249P 010595600000000400378 0000000000000000000010 00903            1808201600000000007253400000 02A0608201611908201600000000000000000000000000000000000000000000000000000000000000000000000000000000000000000009032050000090000000000 
0010001300250Q 011000008576038846EUNICE COSTA MEIRA MARQUES              R SAO VICENTE DE PAULO, 554 AP 81       HIGIENOPOLIS   01229010SAO PAULO      SP0000000000000000                                        000                            
0010001300251P 010595600000000400378 0000000000000000000010 00904            18082016000000001.7358100000 02A0608201611908201600000000000000000000000000000000000000000000000000000000000000000000000000000000000000000009042050000090000000000 
0010001300252Q 011000006947272882MARCIA MARINO VILLA HUTTERER            RUA CAMPOS SALES, 257 APTO 12           CENTRO         09030200STO ANDRE      SP0000000000000000                                        000                            
0010001300253P 010595600000000400378 0000000000000000000010 00905            1808201600000000000464200000 02A0608201611908201600000000000000000000000000000000000000000000000000000000000000000000000000000000000000000009052050000090000000000 
0010001300254Q 011000063592487515MARYLAN RODRIGUES PEREIRA SANCHES       RUA PRINCESA LEOPOLDINA, 574            ALTO DA LAPA   05081090SAO PAULO      SP0000000000000000                                        000                            
0010001300255P 010595600000000400378 0000000000000000000010 00906            1808201600000000000534100000 02A0608201611908201600000000000000000000000000000000000000000000000000000000000000000000000000000000000000000009062050000090000000000 
0010001300256Q 011000007374465874MARIA EDNA SANTOS                       RUA SIRIOS,355                          ANCHIETA       09606100SAO B DO CAMPO SP0000000000000000                                        000                            
0010001300257P 010595600000000400378 0000000000000000000010 00907            1808201600000000002289800000 02A0608201611908201600000000000000000000000000000000000000000000000000000000000000000000000000000000000000000009072050000090000000000 
0010001300258Q 011000010158096851ELIANA MARIA LINS                       R ITAICI, 315 AP 123                    STA TEREZINHA  02460030SAO PAULO      SP0000000000000000                                        000                            
0010001300259P 010595600000000400378 0000000000000000000010 00908            1808201600000000003582400000 02A0608201611908201600000000000000000000000000000000000000000000000000000000000000000000000000000000000000000009082050000090000000000 
0010001300260Q 011000000166004871MARCO ANTONIO BEBEDICTO                 AV CUPECE, 6066 BL 04 AP 52             JD MIRIAM      04366001SAO PAULO      SP0000000000000000                                        000                            
0010001300261P 010595600000000400378 0000000000000000000010 00909            1808201600000000003350100000 02A0608201611908201600000000000000000000000000000000000000000000000000000000000000000000000000000000000000000009092050000090000000000 
0010001300262Q 011000006109266833MATILDE DA SILVA CAMARGO                R FRANCISCO ASSIS FERREIRA BRITO 23,CSB ALVIGIAS       09850462SAO B DO CAMPO SP0000000000000000                                        000                            
0010001300263P 010595600000000400378 0000000000000000000010 00910            1808201600000000000897600000 02A0608201611908201600000000000000000000000000000000000000000000000000000000000000000000000000000000000000000009102050000090000000000 
0010001300264Q 011000007104506802RAIMUNDO ALVES DA SILVA                 RUA MANDACARU 102                       JD NOV ESPERANC07956020FRANC. MORATO  SP0000000000000000                                        000                            
0010001300265P 010595600000000400378 0000000000000000000010 00911            1808201600000000002542200000 02A0608201611908201600000000000000000000000000000000000000000000000000000000000000000000000000000000000000000009112050000090000000000 
0010001300266Q 011000015213321852LIDIA MARIA M WAILEMANN                 ESTRADA VELHA DA PENHA, 265 BL,BLOCO 83 TATUAPE        03090020SAO PAULO      SP0000000000000000                                        000                            
0010001300267P 010595600000000400378 0000000000000000000010 00912            1808201600000000000793500000 02A0608201611908201600000000000000000000000000000000000000000000000000000000000000000000000000000000000000000009122050000090000000000 
0010001300268Q 011000008887711852MARIA RITA PAULINO DO NASCIMENTO        R NOSSA SRA DOS MESES, 867 AP12,BLOCO A VL DAS MESES   04165001SAO PAULO      SP0000000000000000                                        000                            
0010001300269P 010595600000000400378 0000000000000000000010 00913            1808201600000000002849200000 02A0608201611908201600000000000000000000000000000000000000000000000000000000000000000000000000000000000000000009132050000090000000000 
0010001300270Q 011000058446036649GUALDINA LIENICE SANTOS                 ESTRADA DOS MIRANTES, 505 CASA 08       JD MARIADUART  05752001SAO PAULO      SP0000000000000000                                        000                            
0010001300271P 010595600000000400378 0000000000000000000010 00914            1808201600000000000518000000 02A0608201611908201600000000000000000000000000000000000000000000000000000000000000000000000000000000000000000009142050000090000000000 
0010001300272Q 011000008446035898ROBERTO CARLOS DIAS PEDROSO             RUA NESTOR HOMEM DE MELLO, 260          CAMPO LIMPO    05758160SAO PAULO      SP0000000000000000                                        000                            
0010001300273P 010595600000000400378 0000000000000000000010 00915            1808201600000000000387900000 02A0608201611908201600000000000000000000000000000000000000000000000000000000000000000000000000000000000000000009152050000090000000000 
0010001300274Q 011000018556791832VALERIA DE PAULA SAADS                  RUA HERMES DE OLIVEIRA, 33              VL QUINTAUNA   06080120OSASCO         SP0000000000000000                                        000                            
0010001300275P 010595600000000400378 0000000000000000000010 00916            1808201600000000001032500000 02A0608201611908201600000000000000000000000000000000000000000000000000000000000000000000000000000000000000000009162050000090000000000 
0010001300276Q 011000014010864893MARIA INEZ CELLA                        AV PEDRO II, 3179                       CAMPESTRE      09080111STO ANDRE      SP0000000000000000                                        000                            
0010001300277P 010595600000000400378 0000000000000000000010 00917            1808201600000000002141400000 02A0608201611908201600000000000000000000000000000000000000000000000000000000000000000000000000000000000000000009172050000090000000000 
0010001300278Q 011000005369111855JULIO VICENTE DE SOUZA                  R DR MARINHO DE ANDRADE, 158 FUNDOS     JD JAMAICA     05743170SAO PAULO      SP0000000000000000                                        000                            
0010001300279P 010595600000000400378 0000000000000000000010 00918            1808201600000000007692800000 02A0608201611908201600000000000000000000000000000000000000000000000000000000000000000000000000000000000000000009182050000090000000000 
0010001300280Q 011000000896336875MAGALI JORGE DOS SANTOS VICTORINO       RUA BOLIVIA 829                         PQ DAS NACOES  09280290STO ANDRE      SP0000000000000000                                        000                            
0010001300281P 010595600000000400378 0000000000000000000010 00919            1808201600000000000387900000 02A0608201611908201600000000000000000000000000000000000000000000000000000000000000000000000000000000000000000009192050000090000000000 
0010001300282Q 011000019259245800SONIA REGINA ESTEVEM DA SILVA           R TIRADENTES, 1837 BL 02 AP 27          STA TEREZINHA  09781220SAO B DO CAMPO SP0000000000000000                                        000                            
0010001300283P 010595600000000400378 0000000000000000000010 00920            1808201600000000001038300000 02A0608201611908201600000000000000000000000000000000000000000000000000000000000000000000000000000000000000000009202050000090000000000 
0010001300284Q 011000010705824845EDNA CRISTINA DE OLIVEIRA ELIAS         AV JOSE ODORIZZI, 2471 BL 9 AP23        PQ DOS PASSAROS09851007SAO B DO CAMPO SP0000000000000000                                        000                            
0010001300285P 010595600000000400378 0000000000000000000010 00921            1808201600000000000783600000 02A0608201611908201600000000000000000000000000000000000000000000000000000000000000000000000000000000000000000009212050000090000000000 
0010001300286Q 011000004149461899SHIRLEI DE FATIMA DA SILVA              R ANTONIO MATHIAS, 250                  VD ROBERTO     11111111TABOAO DA SERRASP0000000000000000                                        000                            
0010001300287P 010595600000000400378 0000000000000000000010 00922            1808201600000000003001200000 02A0608201611908201600000000000000000000000000000000000000000000000000000000000000000000000000000000000000000009222050000090000000000 
0010001300288Q 011000007254933803ELIZETE CARVALHO DE ANDRADE             AL DOM PEDRO DE ALCANTARA, 584          N PETROPOLIS   09771281SAO B DO CAMPO SP0000000000000000                                        000                            
0010001300289P 010595600000000400378 0000000000000000000010 00923            1808201600000000000252400000 02A0608201611908201600000000000000000000000000000000000000000000000000000000000000000000000000000000000000000009232050000090000000000 
0010001300290Q 011000026381725885CLEITON PODADERA BECHFLANI              R GONCALVES DIAS, 325                   JD PORTUGAL    09715160SAO B CAMPO    SP0000000000000000                                        000                            
0010001300291P 010595600000000400378 0000000000000000000010 00924            1808201600000000000797100000 02A0608201611908201600000000000000000000000000000000000000000000000000000000000000000000000000000000000000000009242050000090000000000 
0010001300292Q 011000021777387841FABIANE RODRIGUES SARDINHA              R VICENTE DE CRANETO, 77 BL C AP31      JD STO ANTONIO 05819000SAO PAULO      SP0000000000000000                                        000                            
0010001300293P 010595600000000400378 0000000000000000000010 00925            1808201600000000005476200000 02A0608201611908201600000000000000000000000000000000000000000000000000000000000000000000000000000000000000000009252050000090000000000 
0010001300294Q 011000003999808810MARIA LUCIA GOURLART SIQUEIRA           LARGO DO AROUCHE, 187 AP 71,BLOCO ,     STA EFIGENIA   01219011SAO PAULO      SP0000000000000000                                        000                            
0010001300295P 010595600000000400378 0000000000000000000010 00926            1808201600000000000518000000 02A0608201611908201600000000000000000000000000000000000000000000000000000000000000000000000000000000000000000009262050000090000000000 
0010001300296Q 011000009990318808RAQUEL ZAMBIANCO DE MORAES              RUA IPE 300 AP 12 BL 26                 JS SILVIA      09340570MAUA           SP0000000000000000                                        000                            
0010001300297P 010595600000000400378 0000000000000000000010 00927            18082016000000001.0844300000 02A0608201611908201600000000000000000000000000000000000000000000000000000000000000000000000000000000000000000009272050000090000000000 
0010001300298Q 011000030367388863MERCEDES VATAN DOS SANTOS               R PORTO MARTINS, 56                     BROOKLIM       04570140SAO PAULO      SP0000000000000000                                        000                            
0010001300299P 010595600000000400378 0000000000000000000010 00928            1808201600000000000517900000 02A0608201611908201600000000000000000000000000000000000000000000000000000000000000000000000000000000000000000009282050000090000000000 
0010001300300Q 011000011407486888RICHARD CERCHIARI                       RUA ISABEL SPINA PERELLA, 246           GUARULHOS      07031040GUARULHOS      SP0000000000000000                                        000                            
0010001300301P 010595600000000400378 0000000000000000000010 00929            1808201600000000000675200000 02A0608201611908201600000000000000000000000000000000000000000000000000000000000000000000000000000000000000000009292050000090000000000 
0010001300302Q 011000058779388272VINICIO BELO DE SOUZA JUNIOR            R DR CINCINATO BRAGA, 691 BL 01,AP51    PLANALTO       09690300S B DO CAMPO   SP0000000000000000                                        000                            
0010001300303P 010595600000000400378 0000000000000000000010 00930            18082016000000001.0624100000 02A0608201611908201600000000000000000000000000000000000000000000000000000000000000000000000000000000000000000009302050000090000000000 
0010001300304Q 011000073801208672DARCILIA MARIA TEIXEIRA                 RUA BARRETOS 203 ANT 1109               JD ORATORIO    09381130MAUA           SP0000000000000000                                        000                            
0010001300305P 010595600000000400378 0000000000000000000010 00931            1808201600000000000518000000 02A0608201611908201600000000000000000000000000000000000000000000000000000000000000000000000000000000000000000009312050000090000000000 
0010001300306Q 011000007451298892ARLETE DA SILVA                         R BARTOLOMEU DE GUSMAO, 70 AP 94,BLA    V SAO FRANCISCO09310680MAUA           SP0000000000000000                                        000                            
0010001300307P 010595600000000400378 0000000000000000000010 00932            1808201600000000000295800000 02A0608201611908201600000000000000000000000000000000000000000000000000000000000000000000000000000000000000000009322050000090000000000 
0010001300308Q 011000016691615875GLEICE CRISTINE LEOCADIO                R STA GREGORIA, 213                     CIDADE DUTRA   04806030SAO PAULO      SP0000000000000000                                        000                            
0010001300309P 010595600000000400378 0000000000000000000010 00933            1808201600000000000295800000 02A0608201611908201600000000000000000000000000000000000000000000000000000000000000000000000000000000000000000009332050000090000000000 
0010001300310Q 011000019481186881ADRIANA ALVES GOMES                     RUA CAMPO SANTO, 180 AP 24 BL2          PQ DAS NACOES  00928195SANTO ANDRE    SP0000000000000000                                        000                            
0010001300311P 010595600000000400378 0000000000000000000010 00934            1808201600000000002109200000 02A0608201611908201600000000000000000000000000000000000000000000000000000000000000000000000000000000000000000009342050000090000000000 
0010001300312Q 011000014653167877SAMIRA FERNANDES                        R ENG SA FREIRE, 221                    JD ANGELA      03985070SAO PAULO      SP0000000000000000                                        000                            
0010001300313P 010595600000000400378 0000000000000000000010 00935            1808201600000000000387900000 02A0608201611908201600000000000000000000000000000000000000000000000000000000000000000000000000000000000000000009352050000090000000000 
0010001300314Q 011000017321179850ELAINE CRISTINA DIAS MONTEIRO           R LUCAS DE CAMARGO, 105                 VL INDUSTRIAL  03257130SAO PAULO      SP0000000000000000                                        000                            
0010001300315P 010595600000000400378 0000000000000000000010 00936            1808201600000000005476200000 02A0608201611908201600000000000000000000000000000000000000000000000000000000000000000000000000000000000000000009362050000090000000000 
0010001300316Q 011000028152942812FERNANDA MELLO DEMAI                    R PEDRO TAQUES, 99 APTO 42              CONSOLACAO     01415010SAO PAULO      SP0000000000000000                                        000                            
0010001300317P 010595600000000400378 0000000000000000000010 00937            1808201600000000000387900000 02A0608201611908201600000000000000000000000000000000000000000000000000000000000000000000000000000000000000000009372050000090000000000 
0010001300318Q 011000024829902892APARECIDA SILVA                         R SILVIO BARBINI, 212 AP 33C            ITAQUERA       08250650SAO PAULO      SP0000000000000000                                        000                            
0010001300319P 010595600000000400378 0000000000000000000010 00938            1808201600000000000295800000 02A0608201611908201600000000000000000000000000000000000000000000000000000000000000000000000000000000000000000009382050000090000000000 
0010001300320Q 011000027527671882ANDERSON AUGUSTO DOS SANTOS             HIMALAIA 459 APTO 03                    PQ NOV ORATORIO09270430STOP ANDRE     SP0000000000000000                                        000                            
0010001300321P 010595600000000400378 0000000000000000000010 00939            1808201600000000000509900000 02A0608201611908201600000000000000000000000000000000000000000000000000000000000000000000000000000000000000000009392050000090000000000 
0010001300322Q 011000033355198846ALINE PENHA DOS SANTOS                  RUA CUBATAO, 77                         BAETA NEVES    09760440S B CAMPO      SP0000000000000000                                        000                            
0010001300323P 010595600000000400378 0000000000000000000010 00940            1808201600000000003938200000 02A0608201611908201600000000000000000000000000000000000000000000000000000000000000000000000000000000000000000009402050000090000000000 
0010001300324Q 011000068397836853SILVIA LUCAS P DE SOUZA                 RUA CAMPOS SALLES, 219                  VL STA TEREZINA09770190SAO B CAMPO    SP0000000000000000                                        000                            
0010001300325P 010595600000000400378 0000000000000000000010 00941            1808201600000000001767600000 02A0608201611908201600000000000000000000000000000000000000000000000000000000000000000000000000000000000000000009412050000090000000000 
0010001300326Q 011000053708369815PERCIVAL BATISTA DE HOLANDA             R BAROEL, 83 AP 11                      CENTRO         08675000SUZANO         SP0000000000000000                                        000                            
0010001300327P 010595600000000400378 0000000000000000000010 00942            18082016000000002.4019100000 02A0608201611908201600000000000000000000000000000000000000000000000000000000000000000000000000000000000000000009422050000090000000000 
0010001300328Q 011000065949684834MARIA MARLENE T COSTA                   RUA DOMINGOS DE MORAIS, 70 AP 32        VL MARIANA     04010000SAO PAULO      SP0000000000000000                                        000                            
0010001300329P 010595600000000400378 0000000000000000000010 00964            1808201600000000005254700000 02A0608201611908201600000000000000000000000000000000000000000000000000000000000000000000000000000000000000000009642050000090000000000 
0010001300330Q 011000000380692880ANALICE MARIA T DE OLIVEIRA             R TANGER 319                            PQ N ORATORIO  09251140STO ANDRE      SP0000000000000000                                        000                            
0010001300331P 010595600000000400378 0000000000000000000010 00943            1808201600000000000463700000 02A0608201611908201600000000000000000000000000000000000000000000000000000000000000000000000000000000000000000009432050000090000000000 
0010001300332Q 011000014683305860WANDERLEY FRANCISCO DA SILVA            R JOAQUIM ESPINOSA, 221 CASA 06         J SAO LUIZ     05812070SAO PAULO      SP0000000000000000                                        000                            
0010001300333P 010595600000000400378 0000000000000000000010 00944            1808201600000000000782700000 02A0608201611908201600000000000000000000000000000000000000000000000000000000000000000000000000000000000000000009442050000090000000000 
0010001300334Q 011000007639006805SILVANA APARECIDA DE SOUZA              RUA JERONIMO DIAS, 171                  SANTANA        02407000SAO PAULO      SP0000000000000000                                        000                            
0010001300335P 010595600000000400378 0000000000000000000010 00945            1808201600000000000466800000 02A0608201611908201600000000000000000000000000000000000000000000000000000000000000000000000000000000000000000009452050000090000000000 
0010001300336Q 011000001430943866MARISALVA BRITO N NASCIMENTO            R CAPIVARI, 465 CS 02                   PQ LUIZA       06816160EMBU DAS ARTES SP0000000000000000                                        000                            
0010001300337P 010595600000000400378 0000000000000000000010 00946            1808201600000000003619500000 02A0608201611908201600000000000000000000000000000000000000000000000000000000000000000000000000000000000000000009462050000090000000000 
0010001300338Q 011000022471526861GISELE CORREA DA SILVA                  AV PONEY CLUB, 01428                    ORQUIDEAS      09853005SAO B DO CAMPO SP0000000000000000                                        000                            
0010001300339P 010595600000000400378 0000000000000000000010 00947            1808201600000000000521000000 02A0608201611908201600000000000000000000000000000000000000000000000000000000000000000000000000000000000000000009472050000090000000000 
0010001300340Q 011000035239174504MARIA DO CARMO DE CARVALHO              R LUIZ PINHEIRO, 61                     CI PIRITUBA    02944000SAO PAULO      SP0000000000000000                                        000                            
0010001300341P 010595600000000400378 0000000000000000000010 00948            1808201600000000001751900000 02A0608201611908201600000000000000000000000000000000000000000000000000000000000000000000000000000000000000000009482050000090000000000 
0010001300342Q 011000005116458806IDEVALDO BARBOSA CAMPELO                R MARNE, 309                            VL CAPELA      04415090SAO PAULO      SP0000000000000000                                        000                            
0010001300343P 010595600000000400378 0000000000000000000010 00949            1808201600000000000521000000 02A0608201611908201600000000000000000000000000000000000000000000000000000000000000000000000000000000000000000009492050000090000000000 
0010001300344Q 011000001457584867WAGNER PADUAN                           AV BENJAMIN HARRIS HUNNI,BLOCO 9 - AP42 VL RIO DE JANEI07124000GUARULHOS      SP0000000000000000                                        000                            
0010001300345P 010595600000000400378 0000000000000000000010 00950            1808201600000000000727600000 02A0608201611908201600000000000000000000000000000000000000000000000000000000000000000000000000000000000000000009502050000090000000000 
0010001300346Q 011000008263016819MARINA RIBEIRO AVELINO                  E ESTEVAO JORDAN, 254 AP 931            JD MONICA      05861300SAO PAULO      SP0000000000000000                                        000                            
0010001300347P 010595600000000400378 0000000000000000000010 00951            1808201600000000005476200000 02A0608201611908201600000000000000000000000000000000000000000000000000000000000000000000000000000000000000000009512050000090000000000 
0010001300348Q 011000011155445864SOFIA MARIA ZERVAS                      AV MIGUEL STEFANO,158 AP 13 BL A        SAUDE          04301000SAO PAULO      SP0000000000000000                                        000                            
0010001300349P 010595600000000400378 0000000000000000000010 00952            1808201600000000001751900000 02A0608201611908201600000000000000000000000000000000000000000000000000000000000000000000000000000000000000000009522050000090000000000 
0010001300350Q 011000005320093802RENATO MATEUS DOS SANTOS                RUA ITALIA 68                           JD ORIENTAL    06033060SAO PAULO      SP0000000000000000                                        000                            
0010001300351P 010595600000000400378 0000000000000000000010 00953            1808201600000000001802600000 02A0608201611908201600000000000000000000000000000000000000000000000000000000000000000000000000000000000000000009532050000090000000000 
0010001300352Q 011000012898603864MARCIO MELHADOS                         R WOLSTEIN, 116 A                       VL GRANADA     03623010SAO PAULO      SP0000000000000000                                        000                            
0010001300353P 010595600000000400378 0000000000000000000010 00954            1808201600000000001752800000 02A0608201611908201600000000000000000000000000000000000000000000000000000000000000000000000000000000000000000009542050000090000000000 
0010001300354Q 011000006788635803JANE RODRIGUES RIBEIRO                  R VITORIO TAFARELLO, 54                 VL QUINTAUNA   06192150OSASCO         SP0000000000000000                                        000                            
0010001300355P 010595600000000400378 0000000000000000000010 00955            1808201600000000000521000000 02A0608201611908201600000000000000000000000000000000000000000000000000000000000000000000000000000000000000000009552050000090000000000 
0010001300356Q 011000011445735806JOAQUIM JOSE R JUNIOR                   R JOSEPHINA LIUZZI DE MOR,BLOCO A - 310 J MARIA ROSA   06763140TABOAO DA SERRASP0000000000000000                                        000                            
0010001300357P 010595600000000400378 0000000000000000000010 00956            1808201600000000003674400000 02A0608201611908201600000000000000000000000000000000000000000000000000000000000000000000000000000000000000000009562050000090000000000 
0010001300358Q 011000003486725866JANICE APARECIDA NAUM                   AV GOIAS 1672                           STO ANTONIO    09521300SAO C DO SUL   SP0000000000000000                                        000                            
0010001300359P 010595600000000400378 0000000000000000000010 00957            1808201600000000003674400000 02A0608201611908201600000000000000000000000000000000000000000000000000000000000000000000000000000000000000000009572050000090000000000 
0010001300360Q 011000005403474854PASCOAL PALADINI                        R CIQUEIRA CAMPO 301                    CENTRO         13840036MOGIGUACU      SP0000000000000000                                        000                            
0010001300361P 010595600000000400378 0000000000000000000010 00959            1808201600000000000406800000 02A0608201611908201600000000000000000000000000000000000000000000000000000000000000000000000000000000000000000009592050000090000000000 
0010001300362Q 011000089928172820ANA IRES SANTOS SILVA                   PASSAGEM BRENO CALDAS, 27               VL CAMPO GRANDE04447025SAO PAULO      SP0000000000000000                                        000                            
0010001300363P 010595600000000400378 0000000000000000000010 00960            18082016000000001.7188100000 02A0608201611908201600000000000000000000000000000000000000000000000000000000000000000000000000000000000000000009602050000090000000000 
0010001300364Q 011000000632051817JANICE TEIXEIRA A BARBOSA               AV  STA INES 1129 AP 204                PQ MANDAQUI    02415900SAO PAULO      SP0000000000000000                                        000                            
0010001300365P 010595600000000400378 0000000000000000000010 00961            1808201600000000002902300000 02A0608201611908201600000000000000000000000000000000000000000000000000000000000000000000000000000000000000000009612050000090000000000 
0010001300366Q 011000002214941894CELSO HYMALAIA DA CONCEICAO             RUAS DOS COQUEIROS, 665 AP 16           CAMPESTRE      09080010STO ANDRE      SP0000000000000000                                        000                            
00100015         000368                                                                                                                                                                                                                         
00199999         000001000370000000                                                                                                                                                                                                             