00100000         249938327000106002887755001417019  0595600000000400378 UBRASP                        BANCO DO BRASIL S.A.                    11010201613363400000000000000                                                                     
00100011R01  000 2049938327000106002887755001417019  0595600000000400378 UBRASP                                                                                                        000000000000000000000000                                 
0010001300001P 010595600000000400378 28877550000002798   10 002798           1810201600000000001298800000 02A1010201611910201600000000000000000000000000000000000000000000000000000000000000000000000000000000000000000027983050000090000000000 
0010001300002Q 011000003088235834ISRAEL ALVES DOS SANTOS FILHO           RUA GENERAL BAGUEIRA, 182 AP 03         SANTANA        02021010SAO PAULO      SP0000000000000000                                        000                            
0010001300003P 010595600000000400378 28877550000002782   10 002782           1810201600000000002599200000 02A1010201611910201600000000000000000000000000000000000000000000000000000000000000000000000000000000000000000027823050000090000000000 
0010001300004Q 011000052868095887LUIS MARCOS TRINDADE                    R MARIO FURTADO 294                     ARTUR ALVIM    03567000SAO PAULO      SP0000000000000000                                        000                            
0010001300005P 010595600000000400378 28877550000002789   10 002789           1810201600000000002373600000 02A1010201611910201600000000000000000000000000000000000000000000000000000000000000000000000000000000000000000027893050000090000000000 
0010001300006Q 011000000393226883MARIA APARECIDA DA COSTA                AV SAO JOAO 1993                        CENTRO         01211000SAO PAULO      SP0000000000000000                                        000                            
0010001300007P 010595600000000400378 28877550000002787   10 002787           1810201600000000005697500000 02A1010201611910201600000000000000000000000000000000000000000000000000000000000000000000000000000000000000000027873050000090000000000 
0010001300008Q 011000015094537849CARLOS ROBERTO DE ALMEIDA               R ANTONIO JOAQUIM DA SILVA CALADO14,14  JD WILMA FLOR  08473047GUAIANAZES     SP0000000000000000                                        000                            
0010001300009P 010595600000000400378 28877550000002781   10 002781           1810201600000000002902400000 02A1010201611910201600000000000000000000000000000000000000000000000000000000000000000000000000000000000000000027813050000090000000000 
0010001300010Q 011000065924835804JOSE AROLDO SOARES DA SILVA             R LIBERO BADARO 39                      CENTRO         01009000SAO PAULO      SP0000000000000000                                        000                            
0010001300011P 010595600000000400378 28877550000002792   10 002792           1810201600000000004398300000 02A1010201611910201600000000000000000000000000000000000000000000000000000000000000000000000000000000000000000027923050000090000000000 
0010001300012Q 011000013346393887DAMOCLES MORELI MOLLO                   RUA INTUBIARA , 169                     JD. PLANALTO   13140000PAULINEA       SP0000000000000000                                        000                            
0010001300013P 010595600000000400378 28877550000002793   10 002793           1810201600000000001867100000 02A1010201611910201600000000000000000000000000000000000000000000000000000000000000000000000000000000000000000027933050000090000000000 
0010001300014Q 011000027584186815JOAO ALVES CAVALCANTE                   RUA VALENTINO FIORAVANTE, 234           JD RUBILENE    04475380SAO PAULO      SP0000000000000000                                        000                            
0010001300015P 010595600000000400378 28877550000002784   10 002784           1810201600000000006779700000 02A1010201611910201600000000000000000000000000000000000000000000000000000000000000000000000000000000000000000027843050000090000000000 
0010001300016Q 011000025585386832ANGELINA NEBURG DOS SANTOS              RUA EDGAR CAVALHEIROS 26                JOQUEI CLUB    11360170SAO VICENTE    SP0000000000000000                                        000                            
0010001300017P 010595600000000400378 28877550000002788   10 002788           1810201600000000001864300000 02A1010201611910201600000000000000000000000000000000000000000000000000000000000000000000000000000000000000000027883050000090000000000 
0010001300018Q 011000066059437834MIRNA ELISA BONAZZI                     RUA REBOLO 44                           EMBU           06804100SAO PAULO      SP0000000000000000                                        000                            
0010001300019P 010595600000000400378 28877550000002797   10 002797           1810201600000000000246600000 02A1010201611910201600000000000000000000000000000000000000000000000000000000000000000000000000000000000000000027973050000090000000000 
0010001300020Q 011000009304019800SILVIO BONFIM                           RUA JOAO DOMINGOS VIEIRA, 124 FUNDS     VL. PENTEADO   02859070SAO PAULO      SP0000000000000000                                        000                            
0010001300021P 010595600000000400378 28877550000002786   10 002786           1810201600000000000478800000 02A1010201611910201600000000000000000000000000000000000000000000000000000000000000000000000000000000000000000027863050000090000000000 
0010001300022Q 011000023754389815JOSE ARMANDO RIBEIRO FILHO              AC DELEGACIA POL                                       13720000SAO J RIO PARDOSP0000000000000000                                        000                            
0010001300023P 010595600000000400378 28877550000002785   10 002785           1810201600000000002057100000 02A1010201611910201600000000000000000000000000000000000000000000000000000000000000000000000000000000000000000027853050000090000000000 
0010001300024Q 011000024929808804JOAO DERCILIO                           RUA EDUARDO FERREIRA FRANCA, 480        VILA MORAES    04157000SAO PAULO      SP0000000000000000                                        000                            
0010001300025P 010595600000000400378 28877550000002794   10 002794           1810201600000000000760300000 02A1010201611910201600000000000000000000000000000000000000000000000000000000000000000000000000000000000000000027943050000090000000000 
0010001300026Q 011000000000000000LORETE PIRES DE MATTOS RAMOS            R GENERAL F.GLICERIO 1762               CENTRO         08600000SUZANO         SP0000000000000000                                        000                            
0010001300027P 010595600000000400378 28877550000002790   10 002790           1810201600000000000326500000 02A1010201611910201600000000000000000000000000000000000000000000000000000000000000000000000000000000000000000027903050000090000000000 
0010001300028Q 011000084335840810APARECIDA VERA SILVA                    AV BOCHETTI 1291                        VL GUSTAVO     02205002SAO PAULO      SP0000000000000000                                        000                            
0010001300029P 010595600000000400378 28877550000002783   10 002783           1810201600000000001702500000 02A1010201611910201600000000000000000000000000000000000000000000000000000000000000000000000000000000000000000027833050000090000000000 
0010001300030Q 011000003366484802EDSON BURATO                            R PADRE VENANCIO DE REZENDE, 138        CASA VERDE     02552040SAO PAULO      SP0000000000000000                                        000                            
0010001300031P 010595600000000400378 28877550000002796   10 002796           1810201600000000000541600000 02A1010201611910201600000000000000000000000000000000000000000000000000000000000000000000000000000000000000000027963050000090000000000 
0010001300032Q 011000001390743845SYLVIA GONDIM SANTOS                    RUA LUIS CARLOS FREITAS, 32 CASA 03     JD S J TADEU   06786060SAO PAULO      SP0000000000000000                                        000                            
0010001300033P 010595600000000400378 28877550000002795   10 002795           18102016000000001.0624100000 02A1010201611910201600000000000000000000000000000000000000000000000000000000000000000000000000000000000000000027953050000090000000000 
0010001300034Q 011000073801208672DARCILIA MARIA TEIXEIRA                 RUA BARRETOS 203 ANT 1109               JD ORATORIO    09381130MAUA           SP0000000000000000                                        000                            
0010001300035P 010595600000000400378 28877550000002791   10 002791           1810201600000000004988800000 02A1010201611910201600000000000000000000000000000000000000000000000000000000000000000000000000000000000000000027913050000090000000000 
0010001300036Q 011000004306899853GREGORIA SANCHES CASTROPELLI            RUA DA ECONOMIA 362                     VL DALILA      03532050SAO PAULO      SP0000000000000000                                        000                            
00100015         000038                                                                                                                                                                                                                         
00199999         000001000040000000                                                                                                                                                                                                             