00100000         249938327000106002887755001417019  0595600000000400378 UBRASP                        BANCO DO BRASIL S.A.                    11010201613315600000000000000                                                                     
00100011R01  000 2049938327000106002887755001417019  0595600000000400378 UBRASP                                                                                                        000000000000000000000000                                 
0010001300001P 010595600000000400378 28877550000002744   10 002744           1810201600000000006411300000 02A1010201611910201600000000000000000000000000000000000000000000000000000000000000000000000000000000000000000027443050000090000000000 
0010001300002Q 011000004803498865CRISTIANE PERELLO                       RUA UBAIRA, 12                          INDIANOPOLIS   04517140SAO PAULO      SP0000000000000000                                        000                            
0010001300003P 010595600000000400378 28877550000002754   10 002754           18102016000000002.9903300000 02A1010201611910201600000000000000000000000000000000000000000000000000000000000000000000000000000000000000000027543050000090000000000 
0010001300004Q 011000004223648861IGNEZ HERNANDES SOARES                  RUA ATILIO PIFFER, 489 AP 22A           CASA VERDE     02516000SAO PAULO      SP0000000000000000                                        000                            
0010001300005P 010595600000000400378 28877550000002764   10 002764           1810201600000000006585500000 02A1010201611910201600000000000000000000000000000000000000000000000000000000000000000000000000000000000000000027643050000090000000000 
0010001300006Q 011000009141965884MARCIA VALERIA SILVA                    R MINISTRO ADAITO CARDOSO 267CASA02     JD BONFIGLIOLI 05588900SAO PAULO      SP0000000000000000                                        000                            
0010001300007P 010595600000000400378 28877550000002752   10 002752           18102016000000001.3425000000 02A1010201611910201600000000000000000000000000000000000000000000000000000000000000000000000000000000000000000027523050000090000000000 
0010001300008Q 011000009406831805GLAUCIO MOURA PEREIRA                   R GIACAMA DALAMI, 361                   NOVA GETI      09580350SAO CAETANO    SP0000000000000000                                        000                            
0010001300009P 010595600000000400378 28877550000002755   10 002755           18102016000000001.3202700000 02A1010201611910201600000000000000000000000000000000000000000000000000000000000000000000000000000000000000000027553050000090000000000 
0010001300010Q 011000007201595806ISABEL APARECIDA DE ARRUDA              R VIGARIO TAQUESBITTENC,BLOCO AP - 1006 STO AMARO      04755060SAO PAULO      SP0000000000000000                                        000                            
0010001300011P 010595600000000400378 28877550000002746   10 002746           1810201600000000004474600000 02A1010201611910201600000000000000000000000000000000000000000000000000000000000000000000000000000000000000000027463050000090000000000 
0010001300012Q 011000005582018816DIRCE PEREIRA SALES                     R GINGADINHO, 44 PASSAGEM D             JD SA BENTO NOV05886410SAO PAULO      SP0000000000000000                                        000                            
0010001300013P 010595600000000400378 28877550000002774   10 002774           18102016000000001.4423400000 02A1010201611910201600000000000000000000000000000000000000000000000000000000000000000000000000000000000000000027743050000090000000000 
0010001300014Q 011000005573376829ROGERIO CARLOS CIRINO                   R CEDRO ROSA, 65 BL 01 AP 72            CON H S BRITO  05885400SAO PAULO      SP0000000000000000                                        000                            
0010001300015P 010595600000000400378 28877550000002757   10 002757           1810201600000000003839800000 02A1010201611910201600000000000000000000000000000000000000000000000000000000000000000000000000000000000000000027573050000090000000000 
0010001300016Q 011000084977809491JAQUELINE MARIA DE BARROS               RUA MUCUGEL,215 AP 505                  JD GUILHERMINA 07273100GUARULHOS      SP0000000000000000                                        000                            
0010001300017P 010595600000000400378 28877550000002745   10 002745           1810201600000000002587800000 02A1010201611910201600000000000000000000000000000000000000000000000000000000000000000000000000000000000000000027453050000090000000000 
0010001300018Q 011000024831228842CRISTIANE REGINA D CAPUSSO              AV FRANCISCO MATARAZO, 121 AP 915       AGUA BRANCA    05001000SAO PAULO      SP0000000000000000                                        000                            
0010001300019P 010595600000000400378 28877550000002769   10 002769           1810201600000000004003100000 02A1010201611910201600000000000000000000000000000000000000000000000000000000000000000000000000000000000000000027693050000090000000000 
0010001300020Q 011000003804600840MARIA LUIZA BATISTA                     AV SEN TEOTONIO VILELA 4029 BL,BLOCO 32 JORDENOPOLIS   04833001SAO PAULO      SP0000000000000000                                        000                            
0010001300021P 010595600000000400378 28877550000002777   10 002777           1810201600000000005321900000 02A1010201611910201600000000000000000000000000000000000000000000000000000000000000000000000000000000000000000027773050000090000000000 
0010001300022Q 011000024928768884SHIRLEI PEREIRA PENHA                   R JACOBI VALENTINO DASSOLI, 14 AP,401   JD IRAJA       09781400SAO B CAMPO    SP0000000000000000                                        000                            
0010001300023P 010595600000000400378 28877550000002778   10 002778           1810201600000000003342500000 02A1010201611910201600000000000000000000000000000000000000000000000000000000000000000000000000000000000000000027783050000090000000000 
0010001300024Q 011000026423964874SIMONE APARECIDA SANTOS                 R MIGUEL GONCALVES DOS REIS, 135        MORRO GRANDE   02809050SAO PAULO      SP0000000000000000                                        000                            
0010001300025P 010595600000000400378 28877550000002759   10 002759           1810201600000000003342500000 02A1010201611910201600000000000000000000000000000000000000000000000000000000000000000000000000000000000000000027593050000090000000000 
0010001300026Q 011000027433748881KELLY REGINA MASTROGIOVANNI             R NEGATA, 100                           JD JAPAO       02124080SAO PAULO      SP0000000000000000                                        000                            
0010001300027P 010595600000000400378 28877550000002761   10 002761           1810201600000000002587800000 02A1010201611910201600000000000000000000000000000000000000000000000000000000000000000000000000000000000000000027613050000090000000000 
0010001300028Q 011000053670167315LEIDIANA BARREIRA CORADO DE SOUSA       R JULIO COLACO, 555                     VL ARICANDUVA  03502050SAO PAULO      SP0000000000000000                                        000                            
0010001300029P 010595600000000400378 28877550000002758   10 002758           1810201600000000002587800000 02A1010201611910201600000000000000000000000000000000000000000000000000000000000000000000000000000000000000000027583050000090000000000 
0010001300030Q 011000016174494829KATIA DOS SANTOS                        R NOSA SRA BOM CONSELHO,451AP17,BLOCO E CAMPO LIMPO    05763470SAO PAULO      SP0000000000000000                                        000                            
0010001300031P 010595600000000400378 28877550000002748   10 002748           1810201600000000009406800000 02A1010201611910201600000000000000000000000000000000000000000000000000000000000000000000000000000000000000000027483050000090000000000 
0010001300032Q 011000013009897855EDSON CONCEICAO DO NASCIMENTO           R JOAO MATEUS RINDON, 294               PQ SAO RAFAEL  08320240SAO PAULO      SP0000000000000000                                        000                            
0010001300033P 010595600000000400378 28877550000002775   10 002775           1810201600000000003840900000 02A1010201611910201600000000000000000000000000000000000000000000000000000000000000000000000000000000000000000027753050000090000000000 
0010001300034Q 011000005792490856ROGERIO DELGADO DE AGUILAR              R AUGUSTO CARLOS BAUMAN, 1033           ITAQUERA       08210590SAO PAULO      SP0000000000000000                                        000                            
0010001300035P 010595600000000400378 28877550000002780   10 002780           18102016000000002.8669600000 02A1010201611910201600000000000000000000000000000000000000000000000000000000000000000000000000000000000000000027803050000090000000000 
0010001300036Q 011000021924287820SONIA MARIA FERNANDES N SILVA           RUA CATIPARA, 49                        BROKLIN NOVO   04561060SAO PAULO      SP0000000000000000                                        000                            
0010001300037P 010595600000000400378 28877550000002747   10 002747           18102016000000001.0460700000 02A1010201611910201600000000000000000000000000000000000000000000000000000000000000000000000000000000000000000027473050000090000000000 
0010001300038Q 011000003959642881EDI CANDIDA SOUZA DA SILVA              R FRANCISCO OLAVO DE ASSIS, 165         VL PIAUI       05109070SAO PAULO      SP0000000000000000                                        000                            
0010001300039P 010595600000000400378 28877550000002742   10 002742           1810201600000000006411300000 02A1010201611910201600000000000000000000000000000000000000000000000000000000000000000000000000000000000000000027423050000090000000000 
0010001300040Q 011000001192409809ALLAN KARDEC MACIEL BINDES              R DRIADES 180 BLOCO 1 APTO 04           S MIGUEL PTA   08040460SAO PAULO      SP0000000000000000                                        000                            
0010001300041P 010595600000000400378 28877550000002765   10 002765           18102016000000001.4316400000 02A1010201611910201600000000000000000000000000000000000000000000000000000000000000000000000000000000000000000027653050000090000000000 
0010001300042Q 011000000238262820MARIA APARECIDA G CAOBIANCO             R HEITOR PENTEADO, 1540 AP 92           SUMAREZINHO    05438200SAO PAULO      SP0000000000000000                                        000                            
0010001300043P 010595600000000400378 28877550000002741   10 002741           1810201600000000003955700000 02A1010201611910201600000000000000000000000000000000000000000000000000000000000000000000000000000000000000000027413050000090000000000 
0010001300044Q 011000003322325814ALEXANDRE ARCANJO AVARESE               R GERALDO PIRES SANTOS GONCALVES14,AP85 JD SAO PAULO   05843230SAO PAULO      SP0000000000000000                                        000                            
0010001300045P 010595600000000400378 28877550000002750   10 002750           1810201600000000003342500000 02A1010201611910201600000000000000000000000000000000000000000000000000000000000000000000000000000000000000000027503050000090000000000 
0010001300046Q 011000025594670890GIOVANA DE FIGUEIREDO FERREIRA          RUA PROFESSOR TULIO ASCARELLI 192       VL MADALENA    05449020SAO PAULO      SP0000000000000000                                        000                            
0010001300047P 010595600000000400378 28877550000002743   10 002743           18102016000000001.5991800000 02A1010201611910201600000000000000000000000000000000000000000000000000000000000000000000000000000000000000000027433050000090000000000 
0010001300048Q 011000059859326800AMAURI VITTORINO DA SILVA               R SASSAKI, 50  APTO 83                  VL MARARI      04403000SAO PAULO      SP0000000000000000                                        000                            
0010001300049P 010595600000000400378 28877550000002766   10 002766           1810201600000000004565000000 02A1010201611910201600000000000000000000000000000000000000000000000000000000000000000000000000000000000000000027663050000090000000000 
0010001300050Q 011000003698338807MARIA CRISTINA ORTIZ                    AV ORDEM E PROGRESSO, 1236 24 A         CASA VERDE     02518130SAO PAULO      SP0000000000000000                                        000                            
0010001300051P 010595600000000400378 28877550000002767   10 002767           18102016000000002.5358700000 02A1010201611910201600000000000000000000000000000000000000000000000000000000000000000000000000000000000000000027673050000090000000000 
0010001300052Q 011000015607077802MARIA LENI DO NASCIMENTO OLIVEIRA       R EMILIO BOIAGO, 292                    VILA ANA       09340060MAUA           SP0000000000000000                                        000                            
0010001300053P 010595600000000400378 28877550000002763   10 002763           1810201600000000004101800000 02A1010201611910201600000000000000000000000000000000000000000000000000000000000000000000000000000000000000000027633050000090000000000 
0010001300054Q 011000004575259837MAISA CRISTINA CARVALHO                 RUA BETA, 127                           VL MAZZEI      09172520STO ANDRE      SP0000000000000000                                        000                            
0010001300055P 010595600000000400378 28877550000002760   10 002760           18102016000000001.9090300000 02A1010201611910201600000000000000000000000000000000000000000000000000000000000000000000000000000000000000000027603050000090000000000 
0010001300056Q 011000007269224803LAERCIO SANGIORATTO                     RUA ARALDO ARMANI, 336                  VL SAO SILVERIO09895740S B DO CAMPO   SP0000000000000000                                        000                            
0010001300057P 010595600000000400378 28877550000002773   10 002773           1810201600000000003342500000 02A1010201611910201600000000000000000000000000000000000000000000000000000000000000000000000000000000000000000027733050000090000000000 
0010001300058Q 011000016770309840PAULA APARECIDA DE A C DA SILVA         R IPE, 563 BL 24 AP 107                 JD ESTRELA     09340570MAUA           SP0000000000000000                                        000                            
0010001300059P 010595600000000400378 28877550000002753   10 002753           1810201600000000003355300000 02A1010201611910201600000000000000000000000000000000000000000000000000000000000000000000000000000000000000000027533050000090000000000 
0010001300060Q 011000058446036649GUALDINA LIENICE SANTOS                 ESTRADA DOS MIRANTES, 505 CASA 08       JD MARIADUART  05752001SAO PAULO      SP0000000000000000                                        000                            
0010001300061P 010595600000000400378 28877550000002762   10 002762           1810201600000000008724500000 02A1010201611910201600000000000000000000000000000000000000000000000000000000000000000000000000000000000000000027623050000090000000000 
0010001300062Q 011000000896336875MAGALI JORGE DOS SANTOS VICTORINO       RUA BOLIVIA 829                         PQ DAS NACOES  09280290STO ANDRE      SP0000000000000000                                        000                            
0010001300063P 010595600000000400378 28877550000002768   10 002768           1810201600000000006461300000 02A1010201611910201600000000000000000000000000000000000000000000000000000000000000000000000000000000000000000027683050000090000000000 
0010001300064Q 011000003999808810MARIA LUCIA GOURLART SIQUEIRA           LARGO DO AROUCHE, 187 AP 71,BLOCO ,     STA EFIGENIA   01219011SAO PAULO      SP0000000000000000                                        000                            
0010001300065P 010595600000000400378 28877550000002771   10 002771           18102016000000001.2822000000 02A1010201611910201600000000000000000000000000000000000000000000000000000000000000000000000000000000000000000027713050000090000000000 
0010001300066Q 011000030367388863MERCEDES VATAN DOS SANTOS               R PORTO MARTINS, 56                     BROOKLIM       04570140SAO PAULO      SP0000000000000000                                        000                            
0010001300067P 010595600000000400378 28877550000002776   10 002776           1810201600000000002479100000 02A1010201611910201600000000000000000000000000000000000000000000000000000000000000000000000000000000000000000027763050000090000000000 
0010001300068Q 011000014653167877SAMIRA FERNANDES                        R ENG SA FREIRE, 221                    JD ANGELA      03985070SAO PAULO      SP0000000000000000                                        000                            
0010001300069P 010595600000000400378 28877550000002749   10 002749           1810201600000000006461300000 02A1010201611910201600000000000000000000000000000000000000000000000000000000000000000000000000000000000000000027493050000090000000000 
0010001300070Q 011000028152942812FERNANDA MELLO DEMAI                    R PEDRO TAQUES, 99 APTO 42              CONSOLACAO     01415010SAO PAULO      SP0000000000000000                                        000                            
0010001300071P 010595600000000400378 28877550000002770   10 002770           18102016000000002.8440100000 02A1010201611910201600000000000000000000000000000000000000000000000000000000000000000000000000000000000000000027703050000090000000000 
0010001300072Q 011000065949684834MARIA MARLENE T COSTA                   RUA DOMINGOS DE MORAIS, 70 AP 32        VL MARIANA     04010000SAO PAULO      SP0000000000000000                                        000                            
0010001300073P 010595600000000400378 28877550000002751   10 002751           1810201600000000004261300000 02A1010201611910201600000000000000000000000000000000000000000000000000000000000000000000000000000000000000000027513050000090000000000 
0010001300074Q 011000022471526861GISELE CORREA DA SILVA                  AV PONEY CLUB, 01428                    ORQUIDEAS      09853005SAO B DO CAMPO SP0000000000000000                                        000                            
0010001300075P 010595600000000400378 28877550000002779   10 002779           1810201600000000006461300000 02A1010201611910201600000000000000000000000000000000000000000000000000000000000000000000000000000000000000000027793050000090000000000 
0010001300076Q 011000011155445864SOFIA MARIA ZERVAS                      AV MIGUEL STEFANO,158 AP 13 BL A        SAUDE          04301000SAO PAULO      SP0000000000000000                                        000                            
0010001300077P 010595600000000400378 28877550000002756   10 002756           1810201600000000004326400000 02A1010201611910201600000000000000000000000000000000000000000000000000000000000000000000000000000000000000000027563050000090000000000 
0010001300078Q 011000003486725866JANICE APARECIDA NAUM                   AV GOIAS 1672                           STO ANTONIO    09521300SAO C DO SUL   SP0000000000000000                                        000                            
0010001300079P 010595600000000400378 28877550000002772   10 002772           1810201600000000004326400000 02A1010201611910201600000000000000000000000000000000000000000000000000000000000000000000000000000000000000000027723050000090000000000 
0010001300080Q 011000005403474854PASCOAL PALADINI                        R CIQUEIRA CAMPO 301                    CENTRO         13840036MOGIGUACU      SP0000000000000000                                        000                            
00100015         000082                                                                                                                                                                                                                         
00199999         000001000084000000                                                                                                                                                                                                             