03300000        2049938327000106000100001201344                         UBRASP - UNIAO BRASILEIRA     Banco Santander                         108082017      000113040                                                                          
03300011R01  030 2049938327000106                    000100001201344     UBRASP - UNIAO BRASILEIRA                                                                                     0000000108082017                                         
0330001300001P 010001001301476520130147652  0000000098558511  0000000000098551808201700000000001054700000 02N080820173000000000000000000000000000000000000000000000000000000000000000000000000000000000000000000000000009855000300000           
0330001300002Q 011000010022645888SILVANA SANTOS DA ROCHA                 RUA BERGAL, 87                          SAO JOAO CLIMAC04240090SAO PAULO      SP0000000000000000                                        000000000000                   
0330001300003P 010001001301476520130147652  0000000098272511  0000000000098271808201700000000000515400000 02N080820173000000000000000000000000000000000000000000000000000000000000000000000000000000000000000000000000009827000300000           
0330001300004Q 011000005333681899TANIA CRISTINA BAPTISTA                 RUA 18 DE OUTUBRO, 279                  JD MARIA ESTELA04180030SAO PAULO      SP0000000000000000                                        000000000000                   
0330001300005P 010001001301476520130147652  0000000098231511  0000000000098231808201700000000003983400000 02N080820173000000000000000000000000000000000000000000000000000000000000000000000000000000000000000000000000009823000300000           
0330001300006Q 011000053507576872TANIA APARECIDA CHAGAS SOARES           R GALEAZZO ALESSI, 70 AP 162            V MONTE ALEGRE 04305050SAO PAULO      SP0000000000000000                                        000000000000                   
0330001300007P 010001001301476520130147652  0000000098736511  0000000000098731808201700000000000606400000 02N080820173000000000000000000000000000000000000000000000000000000000000000000000000000000000000000000000000009873000300000           
0330001300008Q 011000003088728865CICERO VALTER HOLANDA                   RUA JULIO PEROTTI,455,BL2 APTO23        JARDIM ARMENIA 08780810MOGI DAS CRUZESSP0000000000000000                                        000000000000                   
0330001300009P 010001001301476520130147652  0000000098485511  0000000000098481808201700000000000028800000 02N080820173000000000000000000000000000000000000000000000000000000000000000000000000000000000000000000000000009848000300000           
0330001300010Q 011000088788733653MARINIUZA ALVES DE ALMEIDA              R RUI DE MORAIS APOCALIPSE,312,BLOCO 20 JD DO TIRO     02842260SAO PAULO      SP0000000000000000                                        000000000000                   
0330001300011P 010001001301476520130147652  0000000098469511  0000000000098461808201700000000002813600000 02N080820173000000000000000000000000000000000000000000000000000000000000000000000000000000000000000000000000009846000300000           
0330001300012Q 011000007573271840IARA APARECIDA DE ARRUDA                R HELENA AP SECOL, 280 B 03 AP 144      JD PALERMO     09780595S B CAMPO      SP0000000000000000                                        000000000000                   
0330001300013P 010001001301476520130147652  0000000098035511  0000000000098031808201700000000001845000000 02N080820173000000000000000000000000000000000000000000000000000000000000000000000000000000000000000000000000009803000300000           
0330001300014Q 011000006348492800MARCELO CINTRA ROLIM                    RUA CARLOS DO PINHAL, 345/2002          C CEZAR        01333001SAO PAULO      SP0000000000000000                                        000000000000                   
0330001300015P 010001001301476520130147652  0000000098914511  0000000000098911808201700000000002329100000 02N080820173000000000000000000000000000000000000000000000000000000000000000000000000000000000000000000000000009891000300000           
0330001300016Q 011000009470824849MARIA IGNES GARRATA MENEZES             RUA ESTADO DE ISRAEL, 435 AP 133        VL CLEMENTINO  04022900SAO PAULO      SP0000000000000000                                        000000000000                   
0330001300017P 010001001301476520130147652  0000000098868511  0000000000098861808201700000000002718900000 02N080820173000000000000000000000000000000000000000000000000000000000000000000000000000000000000000000000000009886000300000           
0330001300018Q 011000001022673831JOSE ANTONIO DE ARAUJO                  ESTRADA DO SABAO, 1403 AP 68 BL 2       JD MARISTELA   02806000SAO PAULO      SP0000000000000000                                        000000000000                   
0330001300019P 010001001301476520130147652  0000000098957511  0000000000098951808201700000000019824200000 02N080820173000000000000000000000000000000000000000000000000000000000000000000000000000000000000000000000000009895000300000           
0330001300020Q 011000014051162850LUIZ VANDERLEI DE LIMA                  RUA MARANHAO, 111 APTO 8                STO ANTONIO    09541000SAO C SUL      SP0000000000000000                                        000000000000                   
0330001300021P 010001001301476520130147652  0000000098264511  0000000000098261808201700000000006155300000 02N080820173000000000000000000000000000000000000000000000000000000000000000000000000000000000000000000000000009826000300000           
0330001300022Q 011000087157470853NEUSA MARIA DE O B FERNANDES            RUA AMAIBA,111                          PARADA INGLESA 02307140SAO PAULO      SP0000000000000000                                        000000000000                   
0330001300023P 010001001301476520130147652  0000000098396511  0000000000098391808201700000000001845000000 02N080820173000000000000000000000000000000000000000000000000000000000000000000000000000000000000000000000000009839000300000           
0330001300024Q 011000008695983846JOAO HENRIQUE  TENORIO JUNIOR           R DR ANGELO VITA,112 APTO 154           TATUAPE        03069000SAO PAULO      SP0000000000000000                                        000000000000                   
0330001300025P 010001001301476520130147652  0000000098795511  0000000000098791808201700000000016359600000 02N080820173000000000000000000000000000000000000000000000000000000000000000000000000000000000000000000000000009879000300000           
0330001300026Q 011000075783444804MARISA APARECIDA LOPES PINTER           R ANTONIETA LEITAO,357,APTO.133         FREGUESIA DO O 02925160SAO PAULO      SP0000000000000000                                        000000000000                   
0330001300027P 010001001301476520130147652  0000000097764511  0000000000097761808201700000000000649100000 02N080820173000000000000000000000000000000000000000000000000000000000000000000000000000000000000000000000000009776000300000           
0330001300028Q 011000012526032822DULCINEIA BARBOSA GARCIA                AV ARMANDO BEI, 401 AP 44 BL 1          CI NV BONSUCESO07175000GUARULHOS      SP0000000000000000                                        000000000000                   
0330001300029P 010001001301476520130147652  0000000098248511  0000000000098241808201700000000001461100000 02N080820173000000000000000000000000000000000000000000000000000000000000000000000000000000000000000000000000009824000300000           
0330001300030Q 011000000340639865ROSALINA FATIMA SILVA SILVEIRA          AV LAZAR SEGAL, 373                     IMIRIM         02543010SAO PAULO      SP0000000000000000                                        000000000000                   
0330001300031P 010001001301476520130147652  0000000098612511  0000000000098611808201700000000000694000000 02N080820173000000000000000000000000000000000000000000000000000000000000000000000000000000000000000000000000009861000300000           
0330001300032Q 011000020393191826EMERSON JOSE FERRADOSA DE SOUZA         R ARTHUR BERNARDES 247                  VL INVERNADA   03490000SAO PAULO      SP0000000000000000                                        000000000000                   
0330001300033P 010001001301476520130147652  0000000097802511  0000000000097801808201700000000000506300000 02N080820173000000000000000000000000000000000000000000000000000000000000000000000000000000000000000000000000009780000300000           
0330001300034Q 011000013074770899MARCELO MOURA DE CAMPOS                 RUA MONSENHOR MANOEL GOMES, 261         PIRITUBA       02975120SAO PAULO      SP0000000000000000                                        000000000000                   
0330001300035P 010001001301476520130147652  0000000098728511  0000000000098721808201700000000001026000000 02N080820173000000000000000000000000000000000000000000000000000000000000000000000000000000000000000000000000009872000300000           
0330001300036Q 011000087491591868SONIA MARIA EDWIRGES                    AV NICOLAU JACINTO,685,BL 5 APTO.43     CIDADE A. E. CA03687010SAO PAULO      SP0000000000000000                                        000000000000                   
0330001300037P 010001001301476520130147652  0000000098442511  0000000000098441808201700000000000905600000 02N080820173000000000000000000000000000000000000000000000000000000000000000000000000000000000000000000000000009844000300000           
0330001300038Q 011000014039227808ALEXANDRA PEREIRA                       RUA BALACLAVA, 871                      J STO ALBERTO  09260440STO ANDRE      SP0000000000000000                                        000000000000                   
0330001300039P 010001001301476520130147652  0000000098132511  0000000000098131808201700000000000019200000 02N080820173000000000000000000000000000000000000000000000000000000000000000000000000000000000000000000000000009813000300000           
0330001300040Q 011000007250788809JOSIANE CAPUCHO SILVA                   RUA LATERAL, 374                        V NOVA IORQUE  03479000SAO PAULO      SP0000000000000000                                        000000000000                   
0330001300041P 010001001301476520130147652  0000000098949511  0000000000098941808201700000000009635000000 02N080820173000000000000000000000000000000000000000000000000000000000000000000000000000000000000000000000000009894000300000           
0330001300042Q 011000007612029863HERMOGENES FELIPE FILHO                 RUA PAULO LEOPES DE LEAO, 501           ITAQUERA       08210520SAO PAULO      SP0000000000000000                                        000000000000                   
0330001300043P 010001001301476520130147652  0000000098299511  0000000000098291808201700000000001766500000 02N080820173000000000000000000000000000000000000000000000000000000000000000000000000000000000000000000000000009829000300000           
0330001300044Q 011000001470170841SONIA DE OLIVEIRA B CALIXTER            RUA DAS SERINGUEIRAS, 373 AP 74         JABAQUARA      04321070SAO PAULO      SP0000000000000000                                        000000000000                   
0330001300045P 010001001301476520130147652  0000000098809511  0000000000098801808201700000000000606400000 02N080820173000000000000000000000000000000000000000000000000000000000000000000000000000000000000000000000000009880000300000           
0330001300046Q 011000000811396835CONCEICAO APARECIDA DOS SANTOS          RUA SANHACU 664                         PQ RISO II     06704712COTIA          SP0000000000000000                                        000000000000                   
0330001300047P 010001001301476520130147652  0000000098167511  0000000000098161808201700000000000821200000 02N080820173000000000000000000000000000000000000000000000000000000000000000000000000000000000000000000000000009816000300000           
0330001300048Q 011000018309688822MARISTELA HEREDIA                       R PADRE ANTONIO DE SOUZA LIMA, 170      VL EURO        09810170S B DO CAMPO   SP0000000000000000                                        000000000000                   
0330001300049P 010001001301476520130147652  0000000098531511  0000000000098531808201700000000001460600000 02N080820173000000000000000000000000000000000000000000000000000000000000000000000000000000000000000000000000009853000300000           
0330001300050Q 011000014013454840PATRICIA REGIANE DAS NEVES              AV MOINHO FABRINE, 1262                 VL COCA        09862000S B DO CAMPO   SP0000000000000000                                        000000000000                   
0330001300051P 010001001301476520130147652  0000000098574511  0000000000098571808201700000000005419300000 02N080820173000000000000000000000000000000000000000000000000000000000000000000000000000000000000000000000000009857000300000           
0330001300052Q 011000003630357881ELY MATOS                               R MARIA MARI,88                         JD MONTE ALEGRE06755390T  DA SERRA    SP0000000000000000                                        000000000000                   
0330001300053P 010001001301476520130147652  0000000098337511  0000000000098331808201700000000002360300000 02N080820173000000000000000000000000000000000000000000000000000000000000000000000000000000000000000000000000009833000300000           
0330001300054Q 011000097590223468JACI DE SOUZA E SILVA                   R IGNACIO MANOEL ALTAMIRANO,85          JD SABIA       04856555SAO PAULO      SP0000000000000000                                        000000000000                   
0330001300055P 010001001301476520130147652  0000000097918511  0000000000097911808201700000000001845000000 02N080820173000000000000000000000000000000000000000000000000000000000000000000000000000000000000000000000000009791000300000           
0330001300056Q 011000007271790802DENISE FERNANDES FACINA                 RUA ITU, 33 AP 33 BL B                  BAETA NEVES    09751040SAO B DO CAMPO SP0000000000000000                                        000000000000                   
0330001300057P 010001001301476520130147652  0000000098205511  0000000000098201808201700000000001045100000 02N080820173000000000000000000000000000000000000000000000000000000000000000000000000000000000000000000000000009820000300000           
0330001300058Q 011000018035780840SONIA APARECIDA DOS SANTOS              R PROGRESSO, 170                        VL AURORA      09780130S B DO CAMPO   SP0000000000000000                                        000000000000                   
0330001300059P 010001001301476520130147652  0000000097667511  0000000000097661808201700000000000503300000 02N080820173000000000000000000000000000000000000000000000000000000000000000000000000000000000000000000000000009766000300000           
0330001300060Q 011000030860820864CAMILA SANTOS TEODORO                   RUA CAMPO SANTO, 379 BL 3 APTO 41       PQ DAS NACOES  09280195SANTO ANDRE    SP0000000000000000                                        000000000000                   
0330001300061P 010001001301476520130147652  0000000098892511  0000000000098891808201700000000001223200000 02N080820173000000000000000000000000000000000000000000000000000000000000000000000000000000000000000000000000009889000300000           
0330001300062Q 011000005582018816DIRCE PEREIRA SALES                     R GINGADINHO, 44 PASSAGEM D             JD SA BENTO NOV05886410SAO PAULO      SP0000000000000000                                        000000000000                   
0330001300063P 010001001301476520130147652  0000000098841511  0000000000098841808201700000000002329100000 02N080820173000000000000000000000000000000000000000000000000000000000000000000000000000000000000000000000000009884000300000           
0330001300064Q 011000005589720800EMILIA EMIRENE NOGUEIRA                 RUA LEANDRO DUPRET, 662 AP 31           VL CLEMENTINO  04025013SAO PAULO      SP0000000000000000                                        000000000000                   
0330001300065P 010001001301476520130147652  0000000098701511  0000000000098701808201700000000003188200000 02N080820173000000000000000000000000000000000000000000000000000000000000000000000000000000000000000000000000009870000300000           
0330001300066Q 011000082858195820JOAQUIM DAS CHAGAS SOARES NETO          AV CEL JOSE PIRES DE ANDRADE 646,182    VL ELISIO      04295001SAO PAULO      SP0000000000000000                                        000000000000                   
0330001300067P 010001001301476520130147652  0000000097901511  0000000000097901808201700000000003781200000 02N080820173000000000000000000000000000000000000000000000000000000000000000000000000000000000000000000000000009790000300000           
0330001300068Q 011000003338176805GEREMIAS FILOMENO DE FARIAS             ESTR DAS CABREUVAL, 280                 CH STA MARIA   06856860ITAP DA SERRA  SP0000000000000000                                        000000000000                   
0330001300069P 010001001301476520130147652  0000000097969511  0000000000097961808201700000000002784500000 02N080820173000000000000000000000000000000000000000000000000000000000000000000000000000000000000000000000000009796000300000           
0330001300070Q 011000006470787835JOSE ALTAMIRO NUNES DA SILVA            RUA BEBERIBE,15,APTO23                  JARDIM RIO DAS 06703788COTIA          SP0000000000000000                                        000000000000                   
0330001300071P 010001001301476520130147652  0000000098711511  0000000000098711808201700000000002329100000 02N080820173000000000000000000000000000000000000000000000000000000000000000000000000000000000000000000000000009871000300000           
0330001300072Q 011000084687231853CLEUSA DE MIRANDA CAOBIANCO             R TEIXEIRA DA SILVA, 363 AP 11          PARAISO        04002031SAO PAULO      SP0000000000000000                                        000000000000                   
0330001300073P 010001001301476520130147652  0000000097985511  0000000000097981808201700000000000959900000 02N080820173000000000000000000000000000000000000000000000000000000000000000000000000000000000000000000000000009798000300000           
0330001300074Q 011000012968456806EDNA MIRANDA BARRETO SANTOS             EST DOS GUATAMBUS, 52                   ITAPECERICA SER06857820SAO PAULO      SP0000000000000000                                        000000000000                   
0330001300075P 010001001301476520130147652  0000000098931511  0000000000098931808201700000000000128400000 02N080820173000000000000000000000000000000000000000000000000000000000000000000000000000000000000000000000000009893000300000           
0330001300076Q 011000006348363821BERNADETE L DE SOUSA PASCHUETTO         RUA RUI BARBOSA,361,APTO 142 BL.1       VILA BOA VISTA 09190370SANTO ANDRE    SP0000000000000000                                        000000000000                   
0330001300077P 010001001301476520130147652  0000000097683511  0000000000097681808201700000000000649100000 02N080820173000000000000000000000000000000000000000000000000000000000000000000000000000000000000000000000000009768000300000           
0330001300078Q 011000030500537801CLAUDIA SOUSA DA SILVA                  RUA DESCALVADO, 80                      VL FRAN MATARAZ09241210STO ANDRE      SP0000000000000000                                        000000000000                   
0330001300079P 010001001301476520130147652  0000000098027511  0000000000098021808201700000000001794300000 02N080820173000000000000000000000000000000000000000000000000000000000000000000000000000000000000000000000000009802000300000           
0330001300080Q 011000010081975805EMPEDOCLES DOMINGOS DA SILVA            AV GEOVANI GRONCHI, 6675 PQ BRASIL,AP17 VLA ANDRADE    05724902SAO PAULO      SP0000000000000000                                        000000000000                   
0330001300081P 010001001301476520130147652  0000000098256511  0000000000098251808201700000000009420300000 02N080820173000000000000000000000000000000000000000000000000000000000000000000000000000000000000000000000000009825000300000           
0330001300082Q 011000006388831800FLORALICE DO CARMO N SILVA              RUA MILANO  (LOTEAMENTO VILLA DESTE,760 JARDIM RIO DAS 06703794COTIA          SP0000000000000000                                        000000000000                   
0330001300083P 010001001301476520130147652  0000000098787511  0000000000098781808201700000000002285000000 02N080820173000000000000000000000000000000000000000000000000000000000000000000000000000000000000000000000000009878000300000           
0330001300084Q 011000013997663840JANIRA CARNEIRO DA SILVA                RUA VICTORIO NATAL GASTAURO, 116        JD PALERMA     09780425SAO B DO CAMPO SP0000000000000000                                        000000000000                   
0330001300085P 010001001301476520130147652  0000000098698511  0000000000098691808201700000000002329100000 02N080820173000000000000000000000000000000000000000000000000000000000000000000000000000000000000000000000000009869000300000           
0330001300086Q 011000056186010872MARIA CECILIA ROCHA SOLERA              R PAULISTANIA, 413 AP 04                SUMAREZINHO    05440000SAO PAULO      SP0000000000000000                                        000000000000                   
0330001300087P 010001001301476520130147652  0000000098965511  0000000000098961808201700000000008608700000 02N080820173000000000000000000000000000000000000000000000000000000000000000000000000000000000000000000000000009896000300000           
0330001300088Q 011000001242740805MARIA ANTONIA PAULA                     AVENIDA RIBEIRAO BRANCO,58,A            JARDIM CAIUBI  08588450ITAQUAQUECETUBASP0000000000000000                                        000000000000                   
0330001300089P 010001001301476520130147652  0000000098621511  0000000000098621808201700000000002963500000 02N080820173000000000000000000000000000000000000000000000000000000000000000000000000000000000000000000000000009862000300000           
0330001300090Q 011000007998259809CARLOS ALBERTO DE CAMPOS                R FERNANDO COSTA 322                    PQ GERASSI     09120305SANTO ANDRE    SP0000000000000000                                        000000000000                   
0330001300091P 010001001301476520130147652  0000000097721511  0000000000097721808201700000000001637600000 02N080820173000000000000000000000000000000000000000000000000000000000000000000000000000000000000000000000000009772000300000           
0330001300092Q 011000016173912805SILVIO CUSTODIO                         R DR CINCINATO BRAGA, 691 BL 02,54      PLANALTO       09890300SAO B DO CAMPO SP0000000000000000                                        000000000000                   
0330001300093P 010001001301476520130147652  0000000098639511  0000000000098631808201700000000001167800000 02N080820173000000000000000000000000000000000000000000000000000000000000000000000000000000000000000000000000009863000300000           
0330001300094Q 011000005530538843REGINA CELIA DA SILVA CARVALHO          EST DOUGLAS W GOMES DE ARAUJO, 35       JD BOM SUCESSO 06335140CARAPICUIBA    SP0000000000000000                                        000000000000                   
0330001300095P 010001001301476520130147652  0000000098078511  0000000000098071808201700000000000821200000 02N080820173000000000000000000000000000000000000000000000000000000000000000000000000000000000000000000000000009807000300000           
0330001300096Q 011000004410407805EDILEUZA IZABEL ZANETTI                 RUA DAS ANTAS, 10 AP 52 BL 01           SITIO ORATORIO 03978470SAO PAULO      SP0000000000000000                                        000000000000                   
0330001300097P 010001001301476520130147652  0000000098159511  0000000000098151808201700000000001845000000 02N080820173000000000000000000000000000000000000000000000000000000000000000000000000000000000000000000000000009815000300000           
0330001300098Q 011000004889769870UBALDO REGIS PEROSSI CARRADO            R RELOGIO DO SOL, 147                   LAPA           05065080SAO PAULO      SP0000000000000000                                        000000000000                   
0330001300099P 010001001301476520130147652  0000000098779511  0000000000098771808201700000000001167800000 02N080820173000000000000000000000000000000000000000000000000000000000000000000000000000000000000000000000000009877000300000           
0330001300100Q 011000008009875864ELZA FELIX DOS SANTOS                   AVENIDA MOINHO FABRI,383,BLOCO 5 APTO 61INDEPENDENCIA  09861160SAO BERNARDO DOSP0000000000000000                                        000000000000                   
0330001300101P 010001001301476520130147652  0000000098353511  0000000000098351808201700000000000588200000 02N080820173000000000000000000000000000000000000000000000000000000000000000000000000000000000000000000000000009835000300000           
0330001300102Q 011000025999769876CLAUDIA VIEIRA MOTA                     R TELEMENEZES 117                       JD SILVINIA    09791160SAO B DO CAMPO SP0000000000000000                                        000000000000                   
0330001300103P 010001001301476520130147652  0000000098302511  0000000000098301808201700000000001045200000 02N080820173000000000000000000000000000000000000000000000000000000000000000000000000000000000000000000000000009830000300000           
0330001300104Q 011000014067824831JOSE CARLOS ALVES DA SILVA              ESTRADA SAO FRANCISC,1668,APTO.96 BL. 02JD ENRIQUETA   06764290TABOAO DA SERRASP0000000000000000                                        000000000000                   
0330001300105P 010001001301476520130147652  0000000098973511  0000000000098971808201700000000004277100000 02N080820173000000000000000000000000000000000000000000000000000000000000000000000000000000000000000000000000009897000300000           
0330001300106Q 011000006113811840RAQUEL DE CASTRO COTTING                RUA GERMANIA, 1221                      PQ NOV ORATORIO09260250STO ANDRE      SP0000000000000000                                        000000000000                   
0330001300107P 010001001301476520130147652  0000000098371511  0000000000098371808201700000000007326200000 02N080820173000000000000000000000000000000000000000000000000000000000000000000000000000000000000000000000000009837000300000           
0330001300108Q 011000005773898829MARIA APARECIDA MAZAIA                  TRAV ITAPOLIS, 16                       V F MATARAZZO  09240550STO ANDRE      SP0000000000000000                                        000000000000                   
0330001300109P 010001001301476520130147652  0000000098108511  0000000000098101808201700000000001167800000 02N080820173000000000000000000000000000000000000000000000000000000000000000000000000000000000000000000000000009810000300000           
0330001300110Q 011000009256803895VERA ALICE DE LIMA                      RUA GIUSEPPE ULIANI, S/N CASA 206       JD QUATRO MARIA09820160SAO B DO CAMPO SP0000000000000000                                        000000000000                   
0330001300111P 010001001301476520130147652  0000000097772511  0000000000097771808201700000000000535900000 02N080820173000000000000000000000000000000000000000000000000000000000000000000000000000000000000000000000000009777000300000           
0330001300112Q 011000015639490837LUCIANO DE LIMA DOS SANTOS              RUA MIGUEL GALINDO NAVARRO437 CASA7     JD ARAGUAIA    09371335MAUA           SP0000000000000000                                        000000000000                   
0330001300113P 010001001301476520130147652  0000000097799511  0000000000097791808201700000000000649200000 02N080820173000000000000000000000000000000000000000000000000000000000000000000000000000000000000000000000000009779000300000           
0330001300114Q 011000007411862843JOSELIO OLIVEIRA SANTOS                 R ANTONIO RAPOSSO BARRETO, 31 BL 04,32  JD DAS FLORES  04904170SAO PAULO      SP0000000000000000                                        000000000000                   
0330001300115P 010001001301476520130147652  0000000098086511  0000000000098081808201700000000003036300000 02N080820173000000000000000000000000000000000000000000000000000000000000000000000000000000000000000000000000009808000300000           
0330001300116Q 011000008647742818FATIMA A F GIANCATERINO                 R BRASILIO MACHADO, 173 AP62 6ANDAR     CENTRO         09715140SAO B DO CAMPO SP0000000000000000                                        000000000000                   
0330001300117P 010001001301476520130147652  0000000098752511  0000000000098751808201700000000001845000000 02N080820173000000000000000000000000000000000000000000000000000000000000000000000000000000000000000000000000009875000300000           
0330001300118Q 011000005539961854MARIA APARECIDA MALTA                   R ACUCENA, 1017                         JD DAS FLORES  06110160OSASCO         SP0000000000000000                                        000000000000                   
0330001300119P 010001001301476520130147652  0000000097853511  0000000000097851808201700000000003983400000 02N080820173000000000000000000000000000000000000000000000000000000000000000000000000000000000000000000000000009785000300000           
0330001300120Q 011000082913692834JOSE RUBENS QUADRADO                    AV BRIG MANOEL R JORDAO, 347            JD SILVEIRA    06433010BARUERI        SP0000000000000000                                        000000000000                   
0330001300121P 010001001301476520130147652  0000000097748511  0000000000097741808201700000000001620500000 02N080820173000000000000000000000000000000000000000000000000000000000000000000000000000000000000000000000000009774000300000           
0330001300122Q 011000014626502873ROSELI CRISTINA MARTINS                 AV SARA LIRLIS, 222 BL 05 AP 1001       VL GESTOMAR    09130220STO ANDRE      SP0000000000000000                                        000000000000                   
0330001300123P 010001001301476520130147652  0000000098345511  0000000000098341808201700000000002169600000 02N080820173000000000000000000000000000000000000000000000000000000000000000000000000000000000000000000000000009834000300000           
0330001300124Q 011000016102175867ANA PAULA BARBOSA SOUZA                 AV DR ALBERTO JACKSON BRI,BLOCO 04 - 24 VL MENK        06273050OSASCO         SP0000000000000000                                        000000000000                   
0330001300125P 010001001301476520130147652  0000000097781511  0000000000097781808201700000000000385600000 02N080820173000000000000000000000000000000000000000000000000000000000000000000000000000000000000000000000000009778000300000           
0330001300126Q 011000025625236879MARCELO DE OLIVEIRA BONETTI             R CARLOS MARIGUELA, 352                 JD TEREZA      02875000SAO PAULO      SP0000000000000000                                        000000000000                   
0330001300127P 010001001301476520130147652  0000000097888511  0000000000097881808201700000000004292800000 02N080820173000000000000000000000000000000000000000000000000000000000000000000000000000000000000000000000000009788000300000           
0330001300128Q 011000001121330886MARIA LUCIA DE FATIMA                   R DR.IGNACIO PROENCA DE GOUVEIA,911     CASA VERDE     02534010SAO PAULO      SP0000000000000000                                        000000000000                   
0330001300129P 010001001301476520130147652  0000000098124511  0000000000098121808201700000000001176400000 02N080820173000000000000000000000000000000000000000000000000000000000000000000000000000000000000000000000000009812000300000           
0330001300130Q 011000021442382864ADRIANA CRISTINA BOLDRIN                R PAPA PAULO VI, 200 AP 43 ED SANTO     JD IRAJA       09781250SAO B DO CAMPO SP0000000000000000                                        000000000000                   
0330001300131P 010001001301476520130147652  0000000098604511  0000000000098601808201700000000001615000000 02N080820173000000000000000000000000000000000000000000000000000000000000000000000000000000000000000000000000009860000300000           
0330001300132Q 011000009737924851VERA LOPES DA SILVA                     RUA EMILIO RIBAS,210                    VILA APIAI     09185380SANTO ANDRE    SP0000000000000000                                        000000000000                   
0330001300133P 010001001301476520130147652  0000000098281511  0000000000098281808201700000000003671000000 02N080820173000000000000000000000000000000000000000000000000000000000000000000000000000000000000000000000000009828000300000           
0330001300134Q 011000025790828833MARIA DE FATIMA A P MENDRIGO            AV JOSE ESTEVAS DE MAGALHA,BLOCO 51 - B JABAQUARA      04332050SAO PAULO      SP0000000000000000                                        000000000000                   
0330001300135P 010001001301476520130147652  0000000098493511  0000000000098491808201700000000003024700000 02N080820173000000000000000000000000000000000000000000000000000000000000000000000000000000000000000000000000009849000300000           
0330001300136Q 011000019241729848ELAINE MIRANDA ZEFERINO                 RUA PATRICIA GALVAO, 20                 POR DO SOL     09951496DIADEMA        SP0000000000000000                                        000000000000                   
0330001300137P 010001001301476520130147652  0000000097926511  0000000000097921808201700000000000798300000 02N080820173000000000000000000000000000000000000000000000000000000000000000000000000000000000000000000000000009792000300000           
0330001300138Q 011000011238251811VERA APARECIDA DAMACENO                 R MARIA JOANA ROSA , 96                 JD DE ABRIL    06040040OSASCO         SP0000000000000000                                        000000000000                   
0330001300139P 010001001301476520130147652  0000000098141511  0000000000098141808201700000000001815400000 02N080820173000000000000000000000000000000000000000000000000000000000000000000000000000000000000000000000000009814000300000           
0330001300140Q 011000008368028884CLAUDIO DOMINGUES                       ESTRADA DE ITAPECERICA,1528,APTO 64 BL 1VILA PREL      05835004SAO PAULO      SP0000000000000000                                        000000000000                   
0330001300141P 010001001301476520130147652  0000000098175511  0000000000098171808201700000000001196700000 02N080820173000000000000000000000000000000000000000000000000000000000000000000000000000000000000000000000000009817000300000           
0330001300142Q 011000011963826892NADIR CRISTINA DA SILVA                 R DIOGO BOTELHO, 80                     JD ALBA CASA GR09963060DIADEMA        SP0000000000000000                                        000000000000                   
0330001300143P 010001001301476520130147652  0000000098019511  0000000000098011808201700000000001045300000 02N080820173000000000000000000000000000000000000000000000000000000000000000000000000000000000000000000000000009801000300000           
0330001300144Q 011000006554238859LILIANE CRISTINE ROSA                   R JOSE PALOMINO, 53                     VILA SILVIA    03280020SAO PAULO      SP0000000000000000                                        000000000000                   
0330001300145P 010001001301476520130147652  0000000098876511  0000000000098871808201700000000002216000000 02N080820173000000000000000000000000000000000000000000000000000000000000000000000000000000000000000000000000009887000300000           
0330001300146Q 011000029020905872ELIZABETH MYRIAM TEIXEIRA DA COSTA      R APARECIDA TEODORO DE CARVALHO,20      JACANA         02273020SAO PAULO      SP0000000000000000                                        000000000000                   
0330001300147P 010001001301476520130147652  0000000097641511  0000000000097641808201700000000002132900000 02N080820173000000000000000000000000000000000000000000000000000000000000000000000000000000000000000000000000009764000300000           
0330001300148Q 011000018476130805ED CARLOS FERREIRA LIMA                 RUA PROF ANTONIO AUSTRAGESIL,177,CASA 15JARDIM BOA ESPE05867000SAO PAULO      SP0000000000000000                                        000000000000                   
0330001300149P 010001001301476520130147652  0000000097934511  0000000000097931808201700000000001745500000 02N080820173000000000000000000000000000000000000000000000000000000000000000000000000000000000000000000000000009793000300000           
0330001300150Q 011000005814188839SERGIO PINTO DE BARROS                  RUA BARIRI, 423 AP 07                   PQ PARAISO     06850430ITA SERRA      SP0000000000000000                                        000000000000                   
0330001300151P 010001001301476520130147652  0000000098817511  0000000000098811808201700000000000019200000 02N080820173000000000000000000000000000000000000000000000000000000000000000000000000000000000000000000000000009881000300000           
0330001300152Q 011000003610817828NEUSA DAS GRACAS MARTINS                R ALEXANDRE RAPIN, 23 AP 92             JD CELESTE     04195110SAO PAULO      SP0000000000000000                                        000000000000                   
0330001300153P 010001001301476520130147652  0000000098851511  0000000000098851808201700000000002329100000 02N080820173000000000000000000000000000000000000000000000000000000000000000000000000000000000000000000000000009885000300000           
0330001300154Q 011000022266895834LEOPOLDINA DE ALMEIDA COUTO             R PRESIDENTE DUTRA, 36 AP 27            VL EUCLIDES    09725530SAO B DO CAMPO SP0000000000000000                                        000000000000                   
0330001300155P 010001001301476520130147652  0000000098884511  0000000000098881808201700000000001167800000 02N080820173000000000000000000000000000000000000000000000000000000000000000000000000000000000000000000000000009888000300000           
0330001300156Q 011000006104664881SUELI MARIA DA SILVA SA                 RUA CRISTIANO ANGELI,1596               ASSUNCAO       09812601SAO BERNARDO DOSP0000000000000000                                        000000000000                   
0330001300157P 010001001301476520130147652  0000000097632511  0000000000097631808201700000000001209600000 02N080820173000000000000000000000000000000000000000000000000000000000000000000000000000000000000000000000000009763000300000           
0330001300158Q 011000014906504825DIONISIO LEITE RIBEIRO                  R ENI ALVES SOUZA LEITE, 51             JD STA MARGARID11111111SAO PAULO      SP0000000000000000                                        000000000000                   
0330001300159P 010001001301476520130147652  0000000098647511  0000000000098641808201700000000001167800000 02N080820173000000000000000000000000000000000000000000000000000000000000000000000000000000000000000000000000009864000300000           
0330001300160Q 011000026655583861MARIA HELENA FERREIRA COSTA             R EDUARDO LOBO, 194                     PQ IMPERIAL    04302090SAO PAULO      SP0000000000000000                                        000000000000                   
0330001300161P 010001001301476520130147652  0000000098094511  0000000000098091808201700000000000694000000 02N080820173000000000000000000000000000000000000000000000000000000000000000000000000000000000000000000000000009809000300000           
0330001300162Q 011000026039111801REGIS ELOY LOPES DE OLIVEIRA            R PAPA PAULO VI, 200 AP 43              JD IRAJA       09781250SAO B DO CAMPO SP0000000000000000                                        000000000000                   
0330001300163P 010001001301476520130147652  0000000098221511  0000000000098221808201700000000001223200000 02N080820173000000000000000000000000000000000000000000000000000000000000000000000000000000000000000000000000009822000300000           
0330001300164Q 011000001154017842ZILDA MARIA DA ROCHA DE MOURA           RUA PROFESSOR THOMAZ DE AQUINO,403      JARDIM MARIA ES04180110SAO PAULO      SP0000000000000000                                        000000000000                   
0330001300165P 010001001301476520130147652  0000000098418511  0000000000098411808201700000000001522100000 02N080820173000000000000000000000000000000000000000000000000000000000000000000000000000000000000000000000000009841000300000           
0330001300166Q 011000025134977836GLORIA ALVES DE SOUZA                   R ROLANDO GAMBINI, 56                   ASSUNCAO       09811130SAO B DO CAMPO SP0000000000000000                                        000000000000                   
0330001300167P 010001001301476520130147652  0000000098906511  0000000000098901808201700000000001827900000 02N080820173000000000000000000000000000000000000000000000000000000000000000000000000000000000000000000000000009890000300000           
0330001300168Q 011000099741644868MARLI RODRIGUES SILVA                   R MANOEL GARCIA BERNARDES, 125          VL JOANIZA     04403260SAO PAULO      SP0000000000000000                                        000000000000                   
0330001300169P 010001001301476520130147652  0000000097845511  0000000000097841808201700000000001845000000 02N080820173000000000000000000000000000000000000000000000000000000000000000000000000000000000000000000000000009784000300000           
0330001300170Q 011000004916195884LUCIA HELENA MARTINEZ                   R FREDERICO VON MARTIUS, 255 AP 91      V MONUMENTO    01548010SAO PAULO      SP0000000000000000                                        000000000000                   
0330001300171P 010001001301476520130147652  0000000098663511  0000000000098661808201700000000001045300000 02N080820173000000000000000000000000000000000000000000000000000000000000000000000000000000000000000000000000009866000300000           
0330001300172Q 011000012522543857MARIA NOELY DE ALMEIDA SALES            R POTI, 10                              JD CRISPIM     06866180ITAP SERRA     SP0000000000000000                                        000000000000                   
0330001300173P 010001001301476520130147652  0000000097624511  0000000000097621808201700000000000385600000 02N080820173000000000000000000000000000000000000000000000000000000000000000000000000000000000000000000000000009762000300000           
0330001300174Q 011000025448572855ANA CLAUDIA DA CUNHA RIBEIRO            RUA ADOLFO REILE,286,APTO 31B           JD CELESTE     04195070SAO PAULO      SP0000000000000000                                        000000000000                   
0330001300175P 010001001301476520130147652  0000000098507511  0000000000098501808201700000000001398700000 02N080820173000000000000000000000000000000000000000000000000000000000000000000000000000000000000000000000000009850000300000           
0330001300176Q 011000025080704837ERICA MARSON MACHADO                    TRAVESSA BENIAMINO GIGLI,116,APTO 22    JARDIM NASCIMEN09771330SAO BERNARDO DOSP0000000000000000                                        000000000000                   
0330001300177P 010001001301476520130147652  0000000097993511  0000000000097991808201700000000001522000000 02N080820173000000000000000000000000000000000000000000000000000000000000000000000000000000000000000000000000009799000300000           
0330001300178Q 011000025081040860FLAVIA MARTINS                          R FRANCISCO VISENTAINER,549 AP2121      ASSUNCAO       09861630SAO B DO CAMPO SP0000000000000000                                        000000000000                   
0330001300179P 010001001301476520130147652  0000000098744511  0000000000098741808201700000000001113900000 02N080820173000000000000000000000000000000000000000000000000000000000000000000000000000000000000000000000000009874000300000           
0330001300180Q 011000002890927873ROSELI RODRIGUES ALBARELLA              RUA DAS PAPOULAS,109                    DEMARCHI       09820510SAO B DO CAMPO SP0000000000000000                                        000000000000                   
0330001300181P 010001001301476520130147652  0000000098434511  0000000000098431808201700000000002850500000 02N080820173000000000000000000000000000000000000000000000000000000000000000000000000000000000000000000000000009843000300000           
0330001300182Q 011000005354701856ADENAIDE MARINHEIRO DE LIMA             RUA LAGOINHA DE LESTE,222               JD CECI        02872060SAO PAULO      SP0000000000000000                                        000000000000                   
0330001300183P 010001001301476520130147652  0000000098541511  0000000000098541808201700000000005424900000 02N080820173000000000000000000000000000000000000000000000000000000000000000000000000000000000000000000000000009854000300000           
0330001300184Q 011000014422490800MARCOS ANTONIO TORRES                   R COLONIA LEOPOLDINA, 193 AP 14         ERM.MATARAZO   03821020SAO PAULO      SP0000000000000000                                        000000000000                   
0330001300185P 010001001301476520130147652  0000000097705511  0000000000097701808201700000000000503300000 02N080820173000000000000000000000000000000000000000000000000000000000000000000000000000000000000000000000000009770000300000           
0330001300186Q 011000028668694863ALINE ARAUJO DINIZ                      R CUZCO, 217                            JD SAULO ALBERT09260280SAO PAULO      SP0000000000000000                                        000000000000                   
0330001300187P 010001001301476520130147652  0000000098681511  0000000000098681808201700000000000694000000 02N080820173000000000000000000000000000000000000000000000000000000000000000000000000000000000000000000000000009868000300000           
0330001300188Q 011000021476970874PATRICIA DA CONCEICAO DE MELO           R GOIAS, 104                            PQ DAS FONTES  09430480RIBEIRAO PIRES SP0000000000000000                                        000000000000                   
0330001300189P 010001001301476520130147652  0000000097811511  0000000000097811808201700000000000581000000 02N080820173000000000000000000000000000000000000000000000000000000000000000000000000000000000000000000000000009781000300000           
0330001300190Q 011000068544235700SANDRA MARIA DE SOUZA ARAUJO            R DR ZUQUIM, 472 AP 07                  SANTANA        02035020SAO PAULO      SP0000000000000000                                        000000000000                   
0330001300191P 010001001301476520130147652  0000000098671511  0000000000098671808201700000000001045200000 02N080820173000000000000000000000000000000000000000000000000000000000000000000000000000000000000000000000000009867000300000           
0330001300192Q 011000012820191800MARCIO A VIAN MOURAO                    R DR PAULO RIBEIRO COELHO, 172          RIO PEQUENO    05374000SAO PAULO      SP0000000000000000                                        000000000000                   
0330001300193P 010001001301476520130147652  0000000098655511  0000000000098651808201700000000002819700000 02N080820173000000000000000000000000000000000000000000000000000000000000000000000000000000000000000000000000009865000300000           
0330001300194Q 011000007338804877CLAUDIO DOS SANTOS SILVA                FRANCISCO SOLER, 427                    JD PIRITUBA    05143280SAO PAULO      SP0000000000000000                                        000000000000                   
0330001300195P 010001001301476520130147652  0000000097977511  0000000000097971808201700000000001045100000 02N080820173000000000000000000000000000000000000000000000000000000000000000000000000000000000000000000000000009797000300000           
0330001300196Q 011000063592487515MARYLAN RODRIGUES PEREIRA SANCHES       RUA PRINCESA LEOPOLDINA, 574            ALTO DA LAPA   05081090SAO PAULO      SP0000000000000000                                        000000000000                   
0330001300197P 010001001301476520130147652  0000000098001511  0000000000098001808201700000000001202900000 02N080820173000000000000000000000000000000000000000000000000000000000000000000000000000000000000000000000000009800000300000           
0330001300198Q 011000007374465874MARIA EDNA SANTOS                       RUA SIRIOS,355                          ANCHIETA       09606100SAO B DO CAMPO SP0000000000000000                                        000000000000                   
0330001300199P 010001001301476520130147652  0000000098043511  0000000000098041808201700000000003577700000 02N080820173000000000000000000000000000000000000000000000000000000000000000000000000000000000000000000000000009804000300000           
0330001300200Q 011000010158096851ELIANA MARIA LINS                       R ITAICI, 315 AP 123                    STA TEREZINHA  02460030SAO PAULO      SP0000000000000000                                        000000000000                   
0330001300201P 010001001301476520130147652  0000000098061511  0000000000098061808201700000000004114400000 02N080820173000000000000000000000000000000000000000000000000000000000000000000000000000000000000000000000000009806000300000           
0330001300202Q 011000007104506802RAIMUNDO ALVES DA SILVA                 RUA MANDACARU 102                       JD NOV ESPERANC07956020FRANC. MORATO  SP0000000000000000                                        000000000000                   
0330001300203P 010001001301476520130147652  0000000098582511  0000000000098581808201700000000000686200000 02N080820173000000000000000000000000000000000000000000000000000000000000000000000000000000000000000000000000009858000300000           
0330001300204Q 011000025532185832FABIO DE LUNA REIS                      R JOSE ELIAS DE ALMEIDA, 821            JD ROBRU       08150230SAO PAULO      SP0000000000000000                                        000000000000                   
0330001300205P 010001001301476520130147652  0000000098426511  0000000000098421808201700000000001765100000 02N080820173000000000000000000000000000000000000000000000000000000000000000000000000000000000000000000000000009842000300000           
0330001300206Q 011000008887711852MARIA RITA PAULINO DO NASCIMENTO        R NOSSA SRA DOS MESES, 867 AP12,BLOCO A VL DAS MESES   04165001SAO PAULO      SP0000000000000000                                        000000000000                   
0330001300207P 010001001301476520130147652  0000000097675511  0000000000097671808201700000000000485400000 02N080820173000000000000000000000000000000000000000000000000000000000000000000000000000000000000000000000000009767000300000           
0330001300208Q 011000018556791832VALERIA DE PAULA SAADS                  RUA HERMES DE OLIVEIRA, 33              VL QUINTAUNA   06080120OSASCO         SP0000000000000000                                        000000000000                   
0330001300209P 010001001301476520130147652  0000000098213511  0000000000098211808201700000000001613100000 02N080820173000000000000000000000000000000000000000000000000000000000000000000000000000000000000000000000000009821000300000           
0330001300210Q 011000014010864893MARIA INEZ CELLA                        AV PEDRO II, 3179                       CAMPESTRE      09080111STO ANDRE      SP0000000000000000                                        000000000000                   
0330001300211P 010001001301476520130147652  0000000097896511  0000000000097891808201700000000003846600000 02N080820173000000000000000000000000000000000000000000000000000000000000000000000000000000000000000000000000009789000300000           
0330001300212Q 011000005369111855JULIO VICENTE DE SOUZA                  RUA DOUTOR MARINHO DE ANDRADE,68        JARDIM JAMAICA 05743170SAO PAULO      SP0000000000000000                                        000000000000                   
0330001300213P 010001001301476520130147652  0000000097713511  0000000000097711808201700000000000485400000 02N080820173000000000000000000000000000000000000000000000000000000000000000000000000000000000000000000000000009771000300000           
0330001300214Q 011000019259245800SONIA REGINA ESTEVEM DA SILVA           R TIRADENTES, 1837 BL 02 AP 27          STA TEREZINHA  09781220SAO B DO CAMPO SP0000000000000000                                        000000000000                   
0330001300215P 010001001301476520130147652  0000000098116511  0000000000098111808201700000000002338800000 02N080820173000000000000000000000000000000000000000000000000000000000000000000000000000000000000000000000000009811000300000           
0330001300216Q 011000010705824845EDNA CRISTINA DE OLIVEIRA ELIAS         AV JOSE ODORIZZI, 2471 BL 9 AP23        PQ DOS PASSAROS09851007SAO B DO CAMPO SP0000000000000000                                        000000000000                   
0330001300217P 010001001301476520130147652  0000000098329511  0000000000098321808201700000000004689300000 02N080820173000000000000000000000000000000000000000000000000000000000000000000000000000000000000000000000000009832000300000           
0330001300218Q 011000007254933803ELIZETE CARVALHO DE ANDRADE             AL DOM PEDRO DE ALCANTARA, 584          N PETROPOLIS   09771281SAO B DO CAMPO SP0000000000000000                                        000000000000                   
0330001300219P 010001001301476520130147652  0000000098451511  0000000000098451808201700000000000567800000 02N080820173000000000000000000000000000000000000000000000000000000000000000000000000000000000000000000000000009845000300000           
0330001300220Q 011000026381725885CLEITON PODADERA BECHFLANI              R GONCALVES DIAS, 325                   JD PORTUGAL    09715160SAO B CAMPO    SP0000000000000000                                        000000000000                   
0330001300221P 010001001301476520130147652  0000000098523511  0000000000098521808201700000000001166600000 02N080820173000000000000000000000000000000000000000000000000000000000000000000000000000000000000000000000000009852000300000           
0330001300222Q 011000009990318808RAQUEL ZAMBIANCO DE MORAES              RUA IPE ,300,BL.26 APTO.12              JD ESTRELA     09340570MAUA           SP0000000000000000                                        000000000000                   
0330001300223P 010001001301476520130147652  0000000097951511  0000000000097951808201700000000001166400000 02N080820173000000000000000000000000000000000000000000000000000000000000000000000000000000000000000000000000009795000300000           
0330001300224Q 011000011407486888RICHARD CERCHIARI                       RUA ISABEL SPINA PERELLA, 246           GUARULHOS      07031040GUARULHOS      SP0000000000000000                                        000000000000                   
0330001300225P 010001001301476520130147652  0000000097829511  0000000000097821808201700000000000845800000 02N080820173000000000000000000000000000000000000000000000000000000000000000000000000000000000000000000000000009782000300000           
0330001300226Q 011000058779388272VINICIO BELO DE SOUZA JUNIOR            R DR CINCINATO BRAGA, 691 BL 01,AP51    PLANALTO       09690300S B DO CAMPO   SP0000000000000000                                        000000000000                   
0330001300227P 010001001301476520130147652  0000000097837511  0000000000097831808201700000000004529900000 02N080820173000000000000000000000000000000000000000000000000000000000000000000000000000000000000000000000000009783000300000           
0330001300228Q 011000073801208672DARCILIA MARIA TEIXEIRA                 RUA BARRETOS,203                        JARDIM ORATORIO09381130MAUA           SP0000000000000000                                        000000000000                   
0330001300229P 010001001301476520130147652  0000000097871511  0000000000097871808201700000000001166600000 02N080820173000000000000000000000000000000000000000000000000000000000000000000000000000000000000000000000000009787000300000           
0330001300230Q 011000007451298892ARLETE DA SILVA                         R BARTOLOMEU DE GUSMAO, 70 AP 94,BLA    V SAO FRANCISCO09310680MAUA           SP0000000000000000                                        000000000000                   
0330001300231P 010001001301476520130147652  0000000097616511  0000000000097611808201700000000000369900000 02N080820173000000000000000000000000000000000000000000000000000000000000000000000000000000000000000000000000009761000300000           
0330001300232Q 011000016691615875GLEICE CRISTINE LEOCADIO                R STA GREGORIA, 213                     CIDADE DUTRA   04806030SAO PAULO      SP0000000000000000                                        000000000000                   
0330001300233P 010001001301476520130147652  0000000097731511  0000000000097731808201700000000000369900000 02N080820173000000000000000000000000000000000000000000000000000000000000000000000000000000000000000000000000009773000300000           
0330001300234Q 011000019481186881ADRIANA ALVES GOMES                     RUA CAMPO SANTO, 180 AP 24 BL2          PQ DAS NACOES  00928195SANTO ANDRE    SP0000000000000000                                        000000000000                   
0330001300235P 010001001301476520130147652  0000000097691511  0000000000097691808201700000000000485400000 02N080820173000000000000000000000000000000000000000000000000000000000000000000000000000000000000000000000000009769000300000           
0330001300236Q 011000017321179850ELAINE CRISTINA DIAS MONTEIRO           R LUCAS DE CAMARGO, 105                 VL INDUSTRIAL  03257130SAO PAULO      SP0000000000000000                                        000000000000                   
0330001300237P 010001001301476520130147652  0000000097756511  0000000000097751808201700000000000485400000 02N080820173000000000000000000000000000000000000000000000000000000000000000000000000000000000000000000000000009775000300000           
0330001300238Q 011000024829902892APARECIDA SILVA                         R SILVIO BARBINI, 212 AP 33C            ITAQUERA       08250650SAO PAULO      SP0000000000000000                                        000000000000                   
0330001300239P 010001001301476520130147652  0000000097659511  0000000000097651808201700000000000368900000 02N080820173000000000000000000000000000000000000000000000000000000000000000000000000000000000000000000000000009765000300000           
0330001300240Q 011000027527671882ANDERSON AUGUSTO DOS SANTOS             HIMALAIA 459 APTO 03                    PQ NOV ORATORIO09270430STOP ANDRE     SP0000000000000000                                        000000000000                   
0330001300241P 010001001301476520130147652  0000000098515511  0000000000098511808201700000000001148300000 02N080820173000000000000000000000000000000000000000000000000000000000000000000000000000000000000000000000000009851000300000           
0330001300242Q 011000033355198846ALINE PENHA DOS SANTOS                  RUA CUBATAO, 77                         BAETA NEVES    09760440S B CAMPO      SP0000000000000000                                        000000000000                   
0330001300243P 010001001301476520130147652  0000000098361511  0000000000098361808201700000000006153400000 02N080820173000000000000000000000000000000000000000000000000000000000000000000000000000000000000000000000000009836000300000           
0330001300244Q 011000068397836853SILVIA LUCAS P DE SOUZA                 RUA CAMPOS SALLES, 219                  VL STA TEREZINA09770190SAO B CAMPO    SP0000000000000000                                        000000000000                   
0330001300245P 010001001301476520130147652  0000000097861511  0000000000097861808201700000000003982200000 02N080820173000000000000000000000000000000000000000000000000000000000000000000000000000000000000000000000000009786000300000           
0330001300246Q 011000053708369815PERCIVAL BATISTA DE HOLANDA             RUA JULIO PEROTTI,455                   JARDIM ARMENIA 08780810MOGI DAS CRUZESSP0000000000000000                                        000000000000                   
0330001300247P 010001001301476520130147652  0000000098833511  0000000000098831808201700000000008349600000 02N080820173000000000000000000000000000000000000000000000000000000000000000000000000000000000000000000000000009883000300000           
0330001300248Q 011000000380692880ANALICE MARIA T DE OLIVEIRA             R TANGER 319                            PQ N ORATORIO  09251140STO ANDRE      SP0000000000000000                                        000000000000                   
0330001300249P 010001001301476520130147652  0000000098311511  0000000000098311808201700000000001044100000 02N080820173000000000000000000000000000000000000000000000000000000000000000000000000000000000000000000000000009831000300000           
0330001300250Q 011000014683305860WANDERLEY FRANCISCO DA SILVA            R JOAQUIM ESPINOSA, 221 CASA 06         J SAO LUIZ     05812070SAO PAULO      SP0000000000000000                                        000000000000                   
0330001300251P 010001001301476520130147652  0000000098051511  0000000000098051808201700000000001769800000 02N080820173000000000000000000000000000000000000000000000000000000000000000000000000000000000000000000000000009805000300000           
0330001300252Q 011000007639006805SILVANA APARECIDA DE SOUZA              RUA JOAO MARIANO FRANCO,226             ALTO DA BOA VIS08715650MOGI DAS CRUZESSP0000000000000000                                        000000000000                   
0330001300253P 010001001301476520130147652  0000000098183511  0000000000098181808201700000000001050800000 02N080820173000000000000000000000000000000000000000000000000000000000000000000000000000000000000000000000000009818000300000           
0330001300254Q 011000001430943866MARISALVA BRITO N NASCIMENTO            R CAPIVARI, 465 CS 02                   PQ LUIZA       06816160EMBU DAS ARTES SP0000000000000000                                        000000000000                   
0330001300255P 010001001301476520130147652  0000000098825511  0000000000098821808201700000000002218600000 02N080820173000000000000000000000000000000000000000000000000000000000000000000000000000000000000000000000000009882000300000           
0330001300256Q 011000000851347835ELISABETE FERREIRA GARCIA               RUA TUPI, 160 AP 23                     CERAMICA       09530530SAO CAETANO DOLSP0000000000000000                                        000000000000                   
0330001300257P 010001001301476520130147652  0000000098591511  0000000000098591808201700000000001173000000 02N080820173000000000000000000000000000000000000000000000000000000000000000000000000000000000000000000000000009859000300000           
0330001300258Q 011000001457584867WAGNER PADUAN                           AV BENJAMIN HARRIS HUNNI,BLOCO 9 - AP42 VL RIO DE JANEI07124000GUARULHOS      SP0000000000000000                                        000000000000                   
0330001300259P 010001001301476520130147652  0000000098922511  0000000000098921808201700000000009910400000 02N080820173000000000000000000000000000000000000000000000000000000000000000000000000000000000000000000000000009892000300000           
0330001300260Q 011000099753405804ZULEIDE FERREIRA DOS SANTOS             RUA ANA MARIA TV.SAO JUDAS, 11          VL MARIANA     09780630SAO B DO CAMPO SP0000000000000000                                        000000000000                   
0330001300261P 010001001301476520130147652  0000000098401511  0000000000098401808201700000000012612900000 02N080820173000000000000000000000000000000000000000000000000000000000000000000000000000000000000000000000000009840000300000           
0330001300262Q 011000008263016819MARINA RIBEIRO AVELINO                  E ESTEVAO JORDAN, 254 AP 931            JD MONICA      05861300SAO PAULO      SP0000000000000000                                        000000000000                   
0330001300263P 010001001301476520130147652  0000000098191511  0000000000098191808201700000000002737000000 02N080820173000000000000000000000000000000000000000000000000000000000000000000000000000000000000000000000000009819000300000           
0330001300264Q 011000005320093802RENATO MATEUS DOS SANTOS                RUA ITALIA 68                           JD ORIENTAL    06033060SAO PAULO      SP0000000000000000                                        000000000000                   
0330001300265P 010001001301476520130147652  0000000098566511  0000000000098561808201700000000002386300000 02N080820173000000000000000000000000000000000000000000000000000000000000000000000000000000000000000000000000009856000300000           
0330001300266Q 011000012898603864MARCIO MELHADOS                         R WOLSTEIN, 116 A                       VL GRANADA     03623010SAO PAULO      SP0000000000000000                                        000000000000                   
0330001300267P 010001001301476520130147652  0000000098388511  0000000000098381808201700000000002737000000 02N080820173000000000000000000000000000000000000000000000000000000000000000000000000000000000000000000000000009838000300000           
0330001300268Q 011000006788635803JANE RODRIGUES RIBEIRO                  R VITORIO TAFARELLO, 54                 VL QUINTAUNA   06192150OSASCO         SP0000000000000000                                        000000000000                   
0330001300269P 010001001301476520130147652  0000000097942511  0000000000097941808201700000000001173000000 02N080820173000000000000000000000000000000000000000000000000000000000000000000000000000000000000000000000000009794000300000           
0330001300270Q 011000011445735806JOAQUIM JOSE R JUNIOR                   RUA QUINZE DE OUTUBRO,77,CASA 10        VILA IASI      06780000TABOAO DA SERRASP0000000000000000                                        000000000000                   
0330001300271P 010001001301476520130147652  0000000098477511  0000000000098471808201700000000001050800000 02N080820173000000000000000000000000000000000000000000000000000000000000000000000000000000000000000000000000009847000300000           
0330001300272Q 011000089928172820ANA IRES SANTOS SILVA                   PASSAGEM BRENO CALDAS, 27               VL CAMPO GRANDE04447025SAO PAULO      SP0000000000000000                                        000000000000                   
0330001300273P 010001001301476520130147652  0000000098761511  0000000000098761808201700000000000509200000 02N080820173000000000000000000000000000000000000000000000000000000000000000000000000000000000000000000000000009876000300000           
0330001300274Q 011000002214941894CELSO HYMALAIA DA CONCEICAO             RUAS DOS COQUEIROS, 665 AP 16           CAMPESTRE      09080010STO ANDRE      SP0000000000000000                                        000000000000                   
03300015         000276                                                                                                                                                                                                                         
03399999         000001000278                                                                                                                                                                                                                   