03300000        2049938327000106000100001201344                         UBRASP - UNIAO BRASILEIRA     Banco Santander                         125052017      000090040                                                                          
03300011R01  030 2049938327000106                    000100001201344     UBRASP - UNIAO BRASILEIRA                                                                                     0000000125052017                                         
0330001300001P 010001001301476520130147652  0000000086797511  0000000000086791506201700000000006411300000 02N250520173000000000000000000000000000000000000000000000000000000000000000000000000000000000000000000000000008679000300000           
0330001300002Q 011000004803498865CRISTIANE PERELLO                       RUA UBAIRA, 12                          INDIANOPOLIS   04517140SAO PAULO      SP0000000000000000                                        000000000000                   
0330001300003P 010001001301476520130147652  0000000086801511  0000000000086801507201700000000006411300000 02N250520173000000000000000000000000000000000000000000000000000000000000000000000000000000000000000000000000008680000300000           
0330001300004Q 011000004803498865CRISTIANE PERELLO                       RUA UBAIRA, 12                          INDIANOPOLIS   04517140SAO PAULO      SP0000000000000000                                        000000000000                   
0330001300005P 010001001301476520130147652  0000000086819511  0000000000086811508201700000000006411300000 02N250520173000000000000000000000000000000000000000000000000000000000000000000000000000000000000000000000000008681000300000           
0330001300006Q 011000004803498865CRISTIANE PERELLO                       RUA UBAIRA, 12                          INDIANOPOLIS   04517140SAO PAULO      SP0000000000000000                                        000000000000                   
0330001300007P 010001001301476520130147652  0000000086916511  0000000000086911506201700000000019914200000 02N250520173000000000000000000000000000000000000000000000000000000000000000000000000000000000000000000000000008691000300000           
0330001300008Q 011000099974584868GERALDO SAMPAIO MAGALHAES               R FLORIANO PEIXOTO 1027                 JD SAO LUIZ    08528330F VASCONCELOS  SP0000000000000000                                        000000000000                   
0330001300009P 010001001301476520130147652  0000000086924511  0000000000086921507201700000000019914200000 02N250520173000000000000000000000000000000000000000000000000000000000000000000000000000000000000000000000000008692000300000           
0330001300010Q 011000099974584868GERALDO SAMPAIO MAGALHAES               R FLORIANO PEIXOTO 1027                 JD SAO LUIZ    08528330F VASCONCELOS  SP0000000000000000                                        000000000000                   
0330001300011P 010001001301476520130147652  0000000086932511  0000000000086931508201700000000019914200000 02N250520173000000000000000000000000000000000000000000000000000000000000000000000000000000000000000000000000008693000300000           
0330001300012Q 011000099974584868GERALDO SAMPAIO MAGALHAES               R FLORIANO PEIXOTO 1027                 JD SAO LUIZ    08528330F VASCONCELOS  SP0000000000000000                                        000000000000                   
0330001300013P 010001001301476520130147652  0000000087009511  0000000000087001506201700000000013425000000 02N250520173000000000000000000000000000000000000000000000000000000000000000000000000000000000000000000000000008700000300000           
0330001300014Q 011000009406831805GLAUCIO MOURA PEREIRA                   R GIACAMA DALAMI, 361                   NOVA GETI      09580350SAO CAETANO    SP0000000000000000                                        000000000000                   
0330001300015P 010001001301476520130147652  0000000087017511  0000000000087011507201700000000013425000000 02N250520173000000000000000000000000000000000000000000000000000000000000000000000000000000000000000000000000008701000300000           
0330001300016Q 011000009406831805GLAUCIO MOURA PEREIRA                   R GIACAMA DALAMI, 361                   NOVA GETI      09580350SAO CAETANO    SP0000000000000000                                        000000000000                   
0330001300017P 010001001301476520130147652  0000000087025511  0000000000087021508201700000000013425000000 02N250520173000000000000000000000000000000000000000000000000000000000000000000000000000000000000000000000000008702000300000           
0330001300018Q 011000009406831805GLAUCIO MOURA PEREIRA                   R GIACAMA DALAMI, 361                   NOVA GETI      09580350SAO CAETANO    SP0000000000000000                                        000000000000                   
0330001300019P 010001001301476520130147652  0000000087068511  0000000000087061506201700000000013202700000 02N250520173000000000000000000000000000000000000000000000000000000000000000000000000000000000000000000000000008706000300000           
0330001300020Q 011000007201595806ISABEL APARECIDA DE ARRUDA              R VIGARIO TAQUESBITTENC,BLOCO AP - 1006 STO AMARO      04755060SAO PAULO      SP0000000000000000                                        000000000000                   
0330001300021P 010001001301476520130147652  0000000087076511  0000000000087071507201700000000013202700000 02N250520173000000000000000000000000000000000000000000000000000000000000000000000000000000000000000000000000008707000300000           
0330001300022Q 011000007201595806ISABEL APARECIDA DE ARRUDA              R VIGARIO TAQUESBITTENC,BLOCO AP - 1006 STO AMARO      04755060SAO PAULO      SP0000000000000000                                        000000000000                   
0330001300023P 010001001301476520130147652  0000000087084511  0000000000087081508201700000000013202700000 02N250520173000000000000000000000000000000000000000000000000000000000000000000000000000000000000000000000000008708000300000           
0330001300024Q 011000007201595806ISABEL APARECIDA DE ARRUDA              R VIGARIO TAQUESBITTENC,BLOCO AP - 1006 STO AMARO      04755060SAO PAULO      SP0000000000000000                                        000000000000                   
0330001300025P 010001001301476520130147652  0000000087122511  0000000000087121506201700000000003839800000 02N250520173000000000000000000000000000000000000000000000000000000000000000000000000000000000000000000000000008712000300000           
0330001300026Q 011000084977809491JAQUELINE MARIA DE BARROS               RUA ROQUE DA SILVA,274                  PARQUE DAS PAIN18078627SOROCABA       SP0000000000000000                                        000000000000                   
0330001300027P 010001001301476520130147652  0000000087131511  0000000000087131507201700000000003839800000 02N250520173000000000000000000000000000000000000000000000000000000000000000000000000000000000000000000000000008713000300000           
0330001300028Q 011000084977809491JAQUELINE MARIA DE BARROS               RUA ROQUE DA SILVA,274                  PARQUE DAS PAIN18078627SOROCABA       SP0000000000000000                                        000000000000                   
0330001300029P 010001001301476520130147652  0000000087149511  0000000000087141508201700000000003839800000 02N250520173000000000000000000000000000000000000000000000000000000000000000000000000000000000000000000000000008714000300000           
0330001300030Q 011000084977809491JAQUELINE MARIA DE BARROS               RUA ROQUE DA SILVA,274                  PARQUE DAS PAIN18078627SOROCABA       SP0000000000000000                                        000000000000                   
0330001300031P 010001001301476520130147652  0000000086827511  0000000000086821506201700000000002587800000 02N250520173000000000000000000000000000000000000000000000000000000000000000000000000000000000000000000000000008682000300000           
0330001300032Q 011000024831228842CRISTIANE REGINA D CAPUSSO              AV FRANCISCO MATARAZO, 121 AP 915       AGUA BRANCA    05001000SAO PAULO      SP0000000000000000                                        000000000000                   
0330001300033P 010001001301476520130147652  0000000086835511  0000000000086831507201700000000002587800000 02N250520173000000000000000000000000000000000000000000000000000000000000000000000000000000000000000000000000008683000300000           
0330001300034Q 011000024831228842CRISTIANE REGINA D CAPUSSO              AV FRANCISCO MATARAZO, 121 AP 915       AGUA BRANCA    05001000SAO PAULO      SP0000000000000000                                        000000000000                   
0330001300035P 010001001301476520130147652  0000000086843511  0000000000086841508201700000000002587800000 02N250520173000000000000000000000000000000000000000000000000000000000000000000000000000000000000000000000000008684000300000           
0330001300036Q 011000024831228842CRISTIANE REGINA D CAPUSSO              AV FRANCISCO MATARAZO, 121 AP 915       AGUA BRANCA    05001000SAO PAULO      SP0000000000000000                                        000000000000                   
0330001300037P 010001001301476520130147652  0000000087361511  0000000000087361506201700000000004003100000 02N250520173000000000000000000000000000000000000000000000000000000000000000000000000000000000000000000000000008736000300000           
0330001300038Q 011000003804600840MARIA LUIZA BATISTA                     AVENIDA SENADOR T,4029,BL 24A - APTO.32BVILA SAO JOSE  04833001SAO PAULO      SP0000000000000000                                        000000000000                   
0330001300039P 010001001301476520130147652  0000000087378511  0000000000087371507201700000000004003100000 02N250520173000000000000000000000000000000000000000000000000000000000000000000000000000000000000000000000000008737000300000           
0330001300040Q 011000003804600840MARIA LUIZA BATISTA                     AVENIDA SENADOR T,4029,BL 24A - APTO.32BVILA SAO JOSE  04833001SAO PAULO      SP0000000000000000                                        000000000000                   
0330001300041P 010001001301476520130147652  0000000087386511  0000000000087381508201700000000004003100000 02N250520173000000000000000000000000000000000000000000000000000000000000000000000000000000000000000000000000008738000300000           
0330001300042Q 011000003804600840MARIA LUIZA BATISTA                     AVENIDA SENADOR T,4029,BL 24A - APTO.32BVILA SAO JOSE  04833001SAO PAULO      SP0000000000000000                                        000000000000                   
0330001300043P 010001001301476520130147652  0000000087572511  0000000000087571506201700000000005321900000 02N250520173000000000000000000000000000000000000000000000000000000000000000000000000000000000000000000000000008757000300000           
0330001300044Q 011000024928768884SHIRLEI PEREIRA PENHA                   R JACOBI VALENTINO DASSOLI, 14 AP,401   JD IRAJA       09781400SAO B CAMPO    SP0000000000000000                                        000000000000                   
0330001300045P 010001001301476520130147652  0000000087581511  0000000000087581507201700000000005321900000 02N250520173000000000000000000000000000000000000000000000000000000000000000000000000000000000000000000000000008758000300000           
0330001300046Q 011000024928768884SHIRLEI PEREIRA PENHA                   R JACOBI VALENTINO DASSOLI, 14 AP,401   JD IRAJA       09781400SAO B CAMPO    SP0000000000000000                                        000000000000                   
0330001300047P 010001001301476520130147652  0000000087599511  0000000000087591508201700000000005321900000 02N250520173000000000000000000000000000000000000000000000000000000000000000000000000000000000000000000000000008759000300000           
0330001300048Q 011000024928768884SHIRLEI PEREIRA PENHA                   R JACOBI VALENTINO DASSOLI, 14 AP,401   JD IRAJA       09781400SAO B CAMPO    SP0000000000000000                                        000000000000                   
0330001300049P 010001001301476520130147652  0000000087602511  0000000000087601506201700000000003342500000 02N250520173000000000000000000000000000000000000000000000000000000000000000000000000000000000000000000000000008760000300000           
0330001300050Q 011000026423964874SIMONE APARECIDA SANTOS                 R MIGUEL GONCALVES DOS REIS, 135        MORRO GRANDE   02809050SAO PAULO      SP0000000000000000                                        000000000000                   
0330001300051P 010001001301476520130147652  0000000087611511  0000000000087611507201700000000003342500000 02N250520173000000000000000000000000000000000000000000000000000000000000000000000000000000000000000000000000008761000300000           
0330001300052Q 011000026423964874SIMONE APARECIDA SANTOS                 R MIGUEL GONCALVES DOS REIS, 135        MORRO GRANDE   02809050SAO PAULO      SP0000000000000000                                        000000000000                   
0330001300053P 010001001301476520130147652  0000000087629511  0000000000087621508201700000000003342500000 02N250520173000000000000000000000000000000000000000000000000000000000000000000000000000000000000000000000000008762000300000           
0330001300054Q 011000026423964874SIMONE APARECIDA SANTOS                 R MIGUEL GONCALVES DOS REIS, 135        MORRO GRANDE   02809050SAO PAULO      SP0000000000000000                                        000000000000                   
0330001300055P 010001001301476520130147652  0000000087181511  0000000000087181506201700000000003342500000 02N250520173000000000000000000000000000000000000000000000000000000000000000000000000000000000000000000000000008718000300000           
0330001300056Q 011000027433748881KELLY REGINA MASTROGIOVANNI             R NEGATA, 100                           JD JAPAO       02124080SAO PAULO      SP0000000000000000                                        000000000000                   
0330001300057P 010001001301476520130147652  0000000087191511  0000000000087191507201700000000003342500000 02N250520173000000000000000000000000000000000000000000000000000000000000000000000000000000000000000000000000008719000300000           
0330001300058Q 011000027433748881KELLY REGINA MASTROGIOVANNI             R NEGATA, 100                           JD JAPAO       02124080SAO PAULO      SP0000000000000000                                        000000000000                   
0330001300059P 010001001301476520130147652  0000000087203511  0000000000087201508201700000000003342500000 02N250520173000000000000000000000000000000000000000000000000000000000000000000000000000000000000000000000000008720000300000           
0330001300060Q 011000027433748881KELLY REGINA MASTROGIOVANNI             R NEGATA, 100                           JD JAPAO       02124080SAO PAULO      SP0000000000000000                                        000000000000                   
0330001300061P 010001001301476520130147652  0000000087211511  0000000000087211506201700000000002587800000 02N250520173000000000000000000000000000000000000000000000000000000000000000000000000000000000000000000000000008721000300000           
0330001300062Q 011000053670167315LEIDIANA BARREIRA CORADO DE SOUSA       R JULIO COLACO, 555                     VL ARICANDUVA  03502050SAO PAULO      SP0000000000000000                                        000000000000                   
0330001300063P 010001001301476520130147652  0000000087221511  0000000000087221507201700000000002587800000 02N250520173000000000000000000000000000000000000000000000000000000000000000000000000000000000000000000000000008722000300000           
0330001300064Q 011000053670167315LEIDIANA BARREIRA CORADO DE SOUSA       R JULIO COLACO, 555                     VL ARICANDUVA  03502050SAO PAULO      SP0000000000000000                                        000000000000                   
0330001300065P 010001001301476520130147652  0000000087238511  0000000000087231508201700000000002587800000 02N250520173000000000000000000000000000000000000000000000000000000000000000000000000000000000000000000000000008723000300000           
0330001300066Q 011000053670167315LEIDIANA BARREIRA CORADO DE SOUSA       R JULIO COLACO, 555                     VL ARICANDUVA  03502050SAO PAULO      SP0000000000000000                                        000000000000                   
0330001300067P 010001001301476520130147652  0000000087157511  0000000000087151506201700000000002587800000 02N250520173000000000000000000000000000000000000000000000000000000000000000000000000000000000000000000000000008715000300000           
0330001300068Q 011000016174494829KATIA DOS SANTOS                        R NOSA SRA BOM CONSELHO,451AP17,BLOCO E CAMPO LIMPO    05763470SAO PAULO      SP0000000000000000                                        000000000000                   
0330001300069P 010001001301476520130147652  0000000087165511  0000000000087161507201700000000002587800000 02N250520173000000000000000000000000000000000000000000000000000000000000000000000000000000000000000000000000008716000300000           
0330001300070Q 011000016174494829KATIA DOS SANTOS                        R NOSA SRA BOM CONSELHO,451AP17,BLOCO E CAMPO LIMPO    05763470SAO PAULO      SP0000000000000000                                        000000000000                   
0330001300071P 010001001301476520130147652  0000000087173511  0000000000087171508201700000000002587800000 02N250520173000000000000000000000000000000000000000000000000000000000000000000000000000000000000000000000000008717000300000           
0330001300072Q 011000016174494829KATIA DOS SANTOS                        R NOSA SRA BOM CONSELHO,451AP17,BLOCO E CAMPO LIMPO    05763470SAO PAULO      SP0000000000000000                                        000000000000                   
0330001300073P 010001001301476520130147652  0000000087513511  0000000000087511506201700000000003840900000 02N250520173000000000000000000000000000000000000000000000000000000000000000000000000000000000000000000000000008751000300000           
0330001300074Q 011000005792490856ROGERIO DELGADO DE AGUILAR              R AUGUSTO CARLOS BAUMAN, 1033           ITAQUERA       08210590SAO PAULO      SP0000000000000000                                        000000000000                   
0330001300075P 010001001301476520130147652  0000000087521511  0000000000087521507201700000000003840900000 02N250520173000000000000000000000000000000000000000000000000000000000000000000000000000000000000000000000000008752000300000           
0330001300076Q 011000005792490856ROGERIO DELGADO DE AGUILAR              R AUGUSTO CARLOS BAUMAN, 1033           ITAQUERA       08210590SAO PAULO      SP0000000000000000                                        000000000000                   
0330001300077P 010001001301476520130147652  0000000087531511  0000000000087531508201700000000003840900000 02N250520173000000000000000000000000000000000000000000000000000000000000000000000000000000000000000000000000008753000300000           
0330001300078Q 011000005792490856ROGERIO DELGADO DE AGUILAR              R AUGUSTO CARLOS BAUMAN, 1033           ITAQUERA       08210590SAO PAULO      SP0000000000000000                                        000000000000                   
0330001300079P 010001001301476520130147652  0000000087661511  0000000000087661506201700000000028669600000 02N250520173000000000000000000000000000000000000000000000000000000000000000000000000000000000000000000000000008766000300000           
0330001300080Q 011000021924287820SONIA MARIA FERNANDES N SILVA           RUA CATIPARA, 49                        BROKLIN NOVO   04561060SAO PAULO      SP0000000000000000                                        000000000000                   
0330001300081P 010001001301476520130147652  0000000087671511  0000000000087671507201700000000028669600000 02N250520173000000000000000000000000000000000000000000000000000000000000000000000000000000000000000000000000008767000300000           
0330001300082Q 011000021924287820SONIA MARIA FERNANDES N SILVA           RUA CATIPARA, 49                        BROKLIN NOVO   04561060SAO PAULO      SP0000000000000000                                        000000000000                   
0330001300083P 010001001301476520130147652  0000000087688511  0000000000087681508201700000000028669600000 02N250520173000000000000000000000000000000000000000000000000000000000000000000000000000000000000000000000000008768000300000           
0330001300084Q 011000021924287820SONIA MARIA FERNANDES N SILVA           RUA CATIPARA, 49                        BROKLIN NOVO   04561060SAO PAULO      SP0000000000000000                                        000000000000                   
0330001300085P 010001001301476520130147652  0000000086851511  0000000000086851506201700000000010460700000 02N250520173000000000000000000000000000000000000000000000000000000000000000000000000000000000000000000000000008685000300000           
0330001300086Q 011000003959642881EDI CANDIDA SOUZA DA SILVA              R FRANCISCO OLAVO DE ASSIS, 165         VL PIAUI       05109070SAO PAULO      SP0000000000000000                                        000000000000                   
0330001300087P 010001001301476520130147652  0000000086861511  0000000000086861507201700000000010460700000 02N250520173000000000000000000000000000000000000000000000000000000000000000000000000000000000000000000000000008686000300000           
0330001300088Q 011000003959642881EDI CANDIDA SOUZA DA SILVA              R FRANCISCO OLAVO DE ASSIS, 165         VL PIAUI       05109070SAO PAULO      SP0000000000000000                                        000000000000                   
0330001300089P 010001001301476520130147652  0000000086878511  0000000000086871508201700000000010460700000 02N250520173000000000000000000000000000000000000000000000000000000000000000000000000000000000000000000000000008687000300000           
0330001300090Q 011000003959642881EDI CANDIDA SOUZA DA SILVA              R FRANCISCO OLAVO DE ASSIS, 165         VL PIAUI       05109070SAO PAULO      SP0000000000000000                                        000000000000                   
0330001300091P 010001001301476520130147652  0000000086738511  0000000000086731506201700000000006411300000 02N250520173000000000000000000000000000000000000000000000000000000000000000000000000000000000000000000000000008673000300000           
0330001300092Q 011000001192409809ALLAN KARDEC MACIEL BINDES              RUA JOAO BATISTA CALOGERA,204,APTO. 902ACJ HAB SAO MIGU08051110SAO PAULO      SP0000000000000000                                        000000000000                   
0330001300093P 010001001301476520130147652  0000000086746511  0000000000086741507201700000000006411300000 02N250520173000000000000000000000000000000000000000000000000000000000000000000000000000000000000000000000000008674000300000           
0330001300094Q 011000001192409809ALLAN KARDEC MACIEL BINDES              RUA JOAO BATISTA CALOGERA,204,APTO. 902ACJ HAB SAO MIGU08051110SAO PAULO      SP0000000000000000                                        000000000000                   
0330001300095P 010001001301476520130147652  0000000086754511  0000000000086751508201700000000006411300000 02N250520173000000000000000000000000000000000000000000000000000000000000000000000000000000000000000000000000008675000300000           
0330001300096Q 011000001192409809ALLAN KARDEC MACIEL BINDES              RUA JOAO BATISTA CALOGERA,204,APTO. 902ACJ HAB SAO MIGU08051110SAO PAULO      SP0000000000000000                                        000000000000                   
0330001300097P 010001001301476520130147652  0000000086703511  0000000000086701506201700000000003955700000 02N250520173000000000000000000000000000000000000000000000000000000000000000000000000000000000000000000000000008670000300000           
0330001300098Q 011000003322325814ALEXANDRE ARCANJO AVARESE               R GERALDO PIRES SANTOS GONCALVES14,AP85 JD SAO PAULO   05843230SAO PAULO      SP0000000000000000                                        000000000000                   
0330001300099P 010001001301476520130147652  0000000086711511  0000000000086711507201700000000003955700000 02N250520173000000000000000000000000000000000000000000000000000000000000000000000000000000000000000000000000008671000300000           
0330001300100Q 011000003322325814ALEXANDRE ARCANJO AVARESE               R GERALDO PIRES SANTOS GONCALVES14,AP85 JD SAO PAULO   05843230SAO PAULO      SP0000000000000000                                        000000000000                   
0330001300101P 010001001301476520130147652  0000000086721511  0000000000086721508201700000000003955700000 02N250520173000000000000000000000000000000000000000000000000000000000000000000000000000000000000000000000000008672000300000           
0330001300102Q 011000003322325814ALEXANDRE ARCANJO AVARESE               R GERALDO PIRES SANTOS GONCALVES14,AP85 JD SAO PAULO   05843230SAO PAULO      SP0000000000000000                                        000000000000                   
0330001300103P 010001001301476520130147652  0000000086941511  0000000000086941506201700000000003342500000 02N250520173000000000000000000000000000000000000000000000000000000000000000000000000000000000000000000000000008694000300000           
0330001300104Q 011000025594670890GIOVANA DE FIGUEIREDO FERREIRA          RUA PROFESSOR TULIO ASCARELLI 192       VL MADALENA    05449020SAO PAULO      SP0000000000000000                                        000000000000                   
0330001300105P 010001001301476520130147652  0000000086959511  0000000000086951507201700000000003342500000 02N250520173000000000000000000000000000000000000000000000000000000000000000000000000000000000000000000000000008695000300000           
0330001300106Q 011000025594670890GIOVANA DE FIGUEIREDO FERREIRA          RUA PROFESSOR TULIO ASCARELLI 192       VL MADALENA    05449020SAO PAULO      SP0000000000000000                                        000000000000                   
0330001300107P 010001001301476520130147652  0000000086967511  0000000000086961508201700000000003342500000 02N250520173000000000000000000000000000000000000000000000000000000000000000000000000000000000000000000000000008696000300000           
0330001300108Q 011000025594670890GIOVANA DE FIGUEIREDO FERREIRA          RUA PROFESSOR TULIO ASCARELLI 192       VL MADALENA    05449020SAO PAULO      SP0000000000000000                                        000000000000                   
0330001300109P 010001001301476520130147652  0000000086762511  0000000000086761506201700000000015991800000 02N250520173000000000000000000000000000000000000000000000000000000000000000000000000000000000000000000000000008676000300000           
0330001300110Q 011000059859326800AMAURI VITTORINO DA SILVA               R SASSAKI, 50  APTO 83                  VL MARARI      04403000SAO PAULO      SP0000000000000000                                        000000000000                   
0330001300111P 010001001301476520130147652  0000000086771511  0000000000086771507201700000000015991800000 02N250520173000000000000000000000000000000000000000000000000000000000000000000000000000000000000000000000000008677000300000           
0330001300112Q 011000059859326800AMAURI VITTORINO DA SILVA               R SASSAKI, 50  APTO 83                  VL MARARI      04403000SAO PAULO      SP0000000000000000                                        000000000000                   
0330001300113P 010001001301476520130147652  0000000086789511  0000000000086781508201700000000015991800000 02N250520173000000000000000000000000000000000000000000000000000000000000000000000000000000000000000000000000008678000300000           
0330001300114Q 011000059859326800AMAURI VITTORINO DA SILVA               R SASSAKI, 50  APTO 83                  VL MARARI      04403000SAO PAULO      SP0000000000000000                                        000000000000                   
0330001300115P 010001001301476520130147652  0000000087301511  0000000000087301506201700000000004565000000 02N250520173000000000000000000000000000000000000000000000000000000000000000000000000000000000000000000000000008730000300000           
0330001300116Q 011000003698338807MARIA CRISTINA ORTIZ                    AV ORDEM E PROGRESSO, 1236 24 A         CASA VERDE     02518130SAO PAULO      SP0000000000000000                                        000000000000                   
0330001300117P 010001001301476520130147652  0000000087319511  0000000000087311507201700000000004565000000 02N250520173000000000000000000000000000000000000000000000000000000000000000000000000000000000000000000000000008731000300000           
0330001300118Q 011000003698338807MARIA CRISTINA ORTIZ                    AV ORDEM E PROGRESSO, 1236 24 A         CASA VERDE     02518130SAO PAULO      SP0000000000000000                                        000000000000                   
0330001300119P 010001001301476520130147652  0000000087327511  0000000000087321508201700000000004565000000 02N250520173000000000000000000000000000000000000000000000000000000000000000000000000000000000000000000000000008732000300000           
0330001300120Q 011000003698338807MARIA CRISTINA ORTIZ                    AV ORDEM E PROGRESSO, 1236 24 A         CASA VERDE     02518130SAO PAULO      SP0000000000000000                                        000000000000                   
0330001300121P 010001001301476520130147652  0000000087271511  0000000000087271506201700000000004101800000 02N250520173000000000000000000000000000000000000000000000000000000000000000000000000000000000000000000000000008727000300000           
0330001300122Q 011000004575259837MAISA CRISTINA CARVALHO                 RUA BETA, 127                           VL MAZZEI      09172520STO ANDRE      SP0000000000000000                                        000000000000                   
0330001300123P 010001001301476520130147652  0000000087289511  0000000000087281507201700000000004101800000 02N250520173000000000000000000000000000000000000000000000000000000000000000000000000000000000000000000000000008728000300000           
0330001300124Q 011000004575259837MAISA CRISTINA CARVALHO                 RUA BETA, 127                           VL MAZZEI      09172520STO ANDRE      SP0000000000000000                                        000000000000                   
0330001300125P 010001001301476520130147652  0000000087297511  0000000000087291508201700000000004101800000 02N250520173000000000000000000000000000000000000000000000000000000000000000000000000000000000000000000000000008729000300000           
0330001300126Q 011000004575259837MAISA CRISTINA CARVALHO                 RUA BETA, 127                           VL MAZZEI      09172520STO ANDRE      SP0000000000000000                                        000000000000                   
0330001300127P 010001001301476520130147652  0000000087483511  0000000000087481506201700000000003342500000 02N250520173000000000000000000000000000000000000000000000000000000000000000000000000000000000000000000000000008748000300000           
0330001300128Q 011000016770309840PAULA APARECIDA DE A C DA SILVA         R IPE, 563 BL 24 AP 107                 JD ESTRELA     09340570MAUA           SP0000000000000000                                        000000000000                   
0330001300129P 010001001301476520130147652  0000000087491511  0000000000087491507201700000000003342500000 02N250520173000000000000000000000000000000000000000000000000000000000000000000000000000000000000000000000000008749000300000           
0330001300130Q 011000016770309840PAULA APARECIDA DE A C DA SILVA         R IPE, 563 BL 24 AP 107                 JD ESTRELA     09340570MAUA           SP0000000000000000                                        000000000000                   
0330001300131P 010001001301476520130147652  0000000087505511  0000000000087501508201700000000003342500000 02N250520173000000000000000000000000000000000000000000000000000000000000000000000000000000000000000000000000008750000300000           
0330001300132Q 011000016770309840PAULA APARECIDA DE A C DA SILVA         R IPE, 563 BL 24 AP 107                 JD ESTRELA     09340570MAUA           SP0000000000000000                                        000000000000                   
0330001300133P 010001001301476520130147652  0000000087033511  0000000000087031506201700000000003355300000 02N250520173000000000000000000000000000000000000000000000000000000000000000000000000000000000000000000000000008703000300000           
0330001300134Q 011000058446036649GUALDINA LIENICE SANTOS                 ESTRADA DOS MIRANTES, 505 CASA 08       JD MARIADUART  05752001SAO PAULO      SP0000000000000000                                        000000000000                   
0330001300135P 010001001301476520130147652  0000000087041511  0000000000087041507201700000000003355300000 02N250520173000000000000000000000000000000000000000000000000000000000000000000000000000000000000000000000000008704000300000           
0330001300136Q 011000058446036649GUALDINA LIENICE SANTOS                 ESTRADA DOS MIRANTES, 505 CASA 08       JD MARIADUART  05752001SAO PAULO      SP0000000000000000                                        000000000000                   
0330001300137P 010001001301476520130147652  0000000087051511  0000000000087051508201700000000003355300000 02N250520173000000000000000000000000000000000000000000000000000000000000000000000000000000000000000000000000008705000300000           
0330001300138Q 011000058446036649GUALDINA LIENICE SANTOS                 ESTRADA DOS MIRANTES, 505 CASA 08       JD MARIADUART  05752001SAO PAULO      SP0000000000000000                                        000000000000                   
0330001300139P 010001001301476520130147652  0000000087246511  0000000000087241506201700000000008724500000 02N250520173000000000000000000000000000000000000000000000000000000000000000000000000000000000000000000000000008724000300000           
0330001300140Q 011000000896336875MAGALI JORGE DOS SANTOS VICTORINO       RUA BOLIVIA 829                         PQ DAS NACOES  09280290STO ANDRE      SP0000000000000000                                        000000000000                   
0330001300141P 010001001301476520130147652  0000000087254511  0000000000087251507201700000000008724500000 02N250520173000000000000000000000000000000000000000000000000000000000000000000000000000000000000000000000000008725000300000           
0330001300142Q 011000000896336875MAGALI JORGE DOS SANTOS VICTORINO       RUA BOLIVIA 829                         PQ DAS NACOES  09280290STO ANDRE      SP0000000000000000                                        000000000000                   
0330001300143P 010001001301476520130147652  0000000087262511  0000000000087261508201700000000008724500000 02N250520173000000000000000000000000000000000000000000000000000000000000000000000000000000000000000000000000008726000300000           
0330001300144Q 011000000896336875MAGALI JORGE DOS SANTOS VICTORINO       RUA BOLIVIA 829                         PQ DAS NACOES  09280290STO ANDRE      SP0000000000000000                                        000000000000                   
0330001300145P 010001001301476520130147652  0000000087335511  0000000000087331506201700000000006461300000 02N250520173000000000000000000000000000000000000000000000000000000000000000000000000000000000000000000000000008733000300000           
0330001300146Q 011000003999808810MARIA LUCIA GOURLART SIQUEIRA           LARGO DO AROUCHE, 187 AP 71,BLOCO ,     STA EFIGENIA   01219011SAO PAULO      SP0000000000000000                                        000000000000                   
0330001300147P 010001001301476520130147652  0000000087343511  0000000000087341507201700000000006461300000 02N250520173000000000000000000000000000000000000000000000000000000000000000000000000000000000000000000000000008734000300000           
0330001300148Q 011000003999808810MARIA LUCIA GOURLART SIQUEIRA           LARGO DO AROUCHE, 187 AP 71,BLOCO ,     STA EFIGENIA   01219011SAO PAULO      SP0000000000000000                                        000000000000                   
0330001300149P 010001001301476520130147652  0000000087351511  0000000000087351508201700000000006461300000 02N250520173000000000000000000000000000000000000000000000000000000000000000000000000000000000000000000000000008735000300000           
0330001300150Q 011000003999808810MARIA LUCIA GOURLART SIQUEIRA           LARGO DO AROUCHE, 187 AP 71,BLOCO ,     STA EFIGENIA   01219011SAO PAULO      SP0000000000000000                                        000000000000                   
0330001300151P 010001001301476520130147652  0000000087424511  0000000000087421506201700000000012822000000 02N250520173000000000000000000000000000000000000000000000000000000000000000000000000000000000000000000000000008742000300000           
0330001300152Q 011000030367388863MERCEDES VATAN DOS SANTOS               R PORTO MARTINS, 56                     BROOKLIM       04570140SAO PAULO      SP0000000000000000                                        000000000000                   
0330001300153P 010001001301476520130147652  0000000087432511  0000000000087431507201700000000012822000000 02N250520173000000000000000000000000000000000000000000000000000000000000000000000000000000000000000000000000008743000300000           
0330001300154Q 011000030367388863MERCEDES VATAN DOS SANTOS               R PORTO MARTINS, 56                     BROOKLIM       04570140SAO PAULO      SP0000000000000000                                        000000000000                   
0330001300155P 010001001301476520130147652  0000000087441511  0000000000087441508201700000000012822000000 02N250520173000000000000000000000000000000000000000000000000000000000000000000000000000000000000000000000000008744000300000           
0330001300156Q 011000030367388863MERCEDES VATAN DOS SANTOS               R PORTO MARTINS, 56                     BROOKLIM       04570140SAO PAULO      SP0000000000000000                                        000000000000                   
0330001300157P 010001001301476520130147652  0000000087548511  0000000000087541506201700000000002479100000 02N250520173000000000000000000000000000000000000000000000000000000000000000000000000000000000000000000000000008754000300000           
0330001300158Q 011000014653167877SAMIRA FERNANDES                        R ENG SA FREIRE, 221                    JD ANGELA      03985070SAO PAULO      SP0000000000000000                                        000000000000                   
0330001300159P 010001001301476520130147652  0000000087556511  0000000000087551507201700000000002479100000 02N250520173000000000000000000000000000000000000000000000000000000000000000000000000000000000000000000000000008755000300000           
0330001300160Q 011000014653167877SAMIRA FERNANDES                        R ENG SA FREIRE, 221                    JD ANGELA      03985070SAO PAULO      SP0000000000000000                                        000000000000                   
0330001300161P 010001001301476520130147652  0000000087564511  0000000000087561508201700000000002479100000 02N250520173000000000000000000000000000000000000000000000000000000000000000000000000000000000000000000000000008756000300000           
0330001300162Q 011000014653167877SAMIRA FERNANDES                        R ENG SA FREIRE, 221                    JD ANGELA      03985070SAO PAULO      SP0000000000000000                                        000000000000                   
0330001300163P 010001001301476520130147652  0000000086886511  0000000000086881506201700000000006461300000 02N250520173000000000000000000000000000000000000000000000000000000000000000000000000000000000000000000000000008688000300000           
0330001300164Q 011000028152942812FERNANDA MELLO DEMAI                    R PEDRO TAQUES, 99 APTO 42              CONSOLACAO     01415010SAO PAULO      SP0000000000000000                                        000000000000                   
0330001300165P 010001001301476520130147652  0000000086894511  0000000000086891507201700000000006461300000 02N250520173000000000000000000000000000000000000000000000000000000000000000000000000000000000000000000000000008689000300000           
0330001300166Q 011000028152942812FERNANDA MELLO DEMAI                    R PEDRO TAQUES, 99 APTO 42              CONSOLACAO     01415010SAO PAULO      SP0000000000000000                                        000000000000                   
0330001300167P 010001001301476520130147652  0000000086908511  0000000000086901508201700000000006461300000 02N250520173000000000000000000000000000000000000000000000000000000000000000000000000000000000000000000000000008690000300000           
0330001300168Q 011000028152942812FERNANDA MELLO DEMAI                    R PEDRO TAQUES, 99 APTO 42              CONSOLACAO     01415010SAO PAULO      SP0000000000000000                                        000000000000                   
0330001300169P 010001001301476520130147652  0000000087394511  0000000000087391506201700000000028440100000 02N250520173000000000000000000000000000000000000000000000000000000000000000000000000000000000000000000000000008739000300000           
0330001300170Q 011000065949684834MARIA MARLENE T COSTA                   RUA DOMINGOS DE MORAIS, 70 AP 32        VL MARIANA     04010000SAO PAULO      SP0000000000000000                                        000000000000                   
0330001300171P 010001001301476520130147652  0000000087408511  0000000000087401507201700000000028440100000 02N250520173000000000000000000000000000000000000000000000000000000000000000000000000000000000000000000000000008740000300000           
0330001300172Q 011000065949684834MARIA MARLENE T COSTA                   RUA DOMINGOS DE MORAIS, 70 AP 32        VL MARIANA     04010000SAO PAULO      SP0000000000000000                                        000000000000                   
0330001300173P 010001001301476520130147652  0000000087416511  0000000000087411508201700000000028440100000 02N250520173000000000000000000000000000000000000000000000000000000000000000000000000000000000000000000000000008741000300000           
0330001300174Q 011000065949684834MARIA MARLENE T COSTA                   RUA DOMINGOS DE MORAIS, 70 AP 32        VL MARIANA     04010000SAO PAULO      SP0000000000000000                                        000000000000                   
0330001300175P 010001001301476520130147652  0000000086975511  0000000000086971506201700000000004261300000 02N250520173000000000000000000000000000000000000000000000000000000000000000000000000000000000000000000000000008697000300000           
0330001300176Q 011000022471526861GISELE CORREA DA SILVA                  AV PONEY CLUB, 01428                    ORQUIDEAS      09853005SAO B DO CAMPO SP0000000000000000                                        000000000000                   
0330001300177P 010001001301476520130147652  0000000086983511  0000000000086981507201700000000004261300000 02N250520173000000000000000000000000000000000000000000000000000000000000000000000000000000000000000000000000008698000300000           
0330001300178Q 011000022471526861GISELE CORREA DA SILVA                  AV PONEY CLUB, 01428                    ORQUIDEAS      09853005SAO B DO CAMPO SP0000000000000000                                        000000000000                   
0330001300179P 010001001301476520130147652  0000000086991511  0000000000086991508201700000000004261300000 02N250520173000000000000000000000000000000000000000000000000000000000000000000000000000000000000000000000000008699000300000           
0330001300180Q 011000022471526861GISELE CORREA DA SILVA                  AV PONEY CLUB, 01428                    ORQUIDEAS      09853005SAO B DO CAMPO SP0000000000000000                                        000000000000                   
0330001300181P 010001001301476520130147652  0000000087637511  0000000000087631506201700000000006461300000 02N250520173000000000000000000000000000000000000000000000000000000000000000000000000000000000000000000000000008763000300000           
0330001300182Q 011000011155445864SOFIA MARIA ZERVAS                      AV MIGUEL STEFANO,158 AP 13 BL A        SAUDE          04301000SAO PAULO      SP0000000000000000                                        000000000000                   
0330001300183P 010001001301476520130147652  0000000087645511  0000000000087641507201700000000006461300000 02N250520173000000000000000000000000000000000000000000000000000000000000000000000000000000000000000000000000008764000300000           
0330001300184Q 011000011155445864SOFIA MARIA ZERVAS                      AV MIGUEL STEFANO,158 AP 13 BL A        SAUDE          04301000SAO PAULO      SP0000000000000000                                        000000000000                   
0330001300185P 010001001301476520130147652  0000000087653511  0000000000087651508201700000000006461300000 02N250520173000000000000000000000000000000000000000000000000000000000000000000000000000000000000000000000000008765000300000           
0330001300186Q 011000011155445864SOFIA MARIA ZERVAS                      AV MIGUEL STEFANO,158 AP 13 BL A        SAUDE          04301000SAO PAULO      SP0000000000000000                                        000000000000                   
0330001300187P 010001001301476520130147652  0000000087092511  0000000000087091506201700000000012770200000 02N250520173000000000000000000000000000000000000000000000000000000000000000000000000000000000000000000000000008709000300000           
0330001300188Q 011000003486725866JANICE APARECIDA NAUM                   AV GOIAS 1672                           STO ANTONIO    09521300SAO C DO SUL   SP0000000000000000                                        000000000000                   
0330001300189P 010001001301476520130147652  0000000087106511  0000000000087101507201700000000012770200000 02N250520173000000000000000000000000000000000000000000000000000000000000000000000000000000000000000000000000008710000300000           
0330001300190Q 011000003486725866JANICE APARECIDA NAUM                   AV GOIAS 1672                           STO ANTONIO    09521300SAO C DO SUL   SP0000000000000000                                        000000000000                   
0330001300191P 010001001301476520130147652  0000000087114511  0000000000087111508201700000000012770200000 02N250520173000000000000000000000000000000000000000000000000000000000000000000000000000000000000000000000000008711000300000           
0330001300192Q 011000003486725866JANICE APARECIDA NAUM                   AV GOIAS 1672                           STO ANTONIO    09521300SAO C DO SUL   SP0000000000000000                                        000000000000                   
0330001300193P 010001001301476520130147652  0000000087459511  0000000000087451506201700000000004326400000 02N250520173000000000000000000000000000000000000000000000000000000000000000000000000000000000000000000000000008745000300000           
0330001300194Q 011000005403474854PASCOAL PALADINI                        R CIQUEIRA CAMPO 301                    CENTRO         13840036MOGIGUACU      SP0000000000000000                                        000000000000                   
0330001300195P 010001001301476520130147652  0000000087467511  0000000000087461507201700000000004326400000 02N250520173000000000000000000000000000000000000000000000000000000000000000000000000000000000000000000000000008746000300000           
0330001300196Q 011000005403474854PASCOAL PALADINI                        R CIQUEIRA CAMPO 301                    CENTRO         13840036MOGIGUACU      SP0000000000000000                                        000000000000                   
0330001300197P 010001001301476520130147652  0000000087475511  0000000000087471508201700000000004326400000 02N250520173000000000000000000000000000000000000000000000000000000000000000000000000000000000000000000000000008747000300000           
0330001300198Q 011000005403474854PASCOAL PALADINI                        R CIQUEIRA CAMPO 301                    CENTRO         13840036MOGIGUACU      SP0000000000000000                                        000000000000                   
03300015         000200                                                                                                                                                                                                                         
03399999         000001000202                                                                                                                                                                                                                   