03300000        2049938327000106000100001201344                         UBRASP - UNIAO BRASILEIRA     Banco Santander                         105052017      000084040                                                                          
03300011R01  030 2049938327000106                    000100001201344     UBRASP - UNIAO BRASILEIRA                                                                                     0000000105052017                                         
0330001300001P 010001001301476520130147652  0000000061999511  0000000000061991505201700000000001054700000 02N050520173000000000000000000000000000000000000000000000000000000000000000000000000000000000000000000000000006199000300000           
0330001300002Q 011000010022645888SILVANA SANTOS DA ROCHA                 RUA BERGAL, 87                          SAO JOAO CLIMAC04240090SAO PAULO      SP0000000000000000                                        000000000000                   
0330001300003P 010001001301476520130147652  0000000062341511  0000000000062341505201700000000000515400000 02N050520173000000000000000000000000000000000000000000000000000000000000000000000000000000000000000000000000006234000300000           
0330001300004Q 011000005333681899TANIA CRISTINA BAPTISTA                 RUA 18 DE OUTUBRO, 279                  JD MARIA ESTELA04180030SAO PAULO      SP0000000000000000                                        000000000000                   
0330001300005P 010001001301476520130147652  0000000062189511  0000000000062181505201700000000003983400000 02N050520173000000000000000000000000000000000000000000000000000000000000000000000000000000000000000000000000006218000300000           
0330001300006Q 011000053507576872TANIA APARECIDA CHAGAS SOARES           R GALEAZZO ALESSI, 70 AP 162            V MONTE ALEGRE 04305050SAO PAULO      SP0000000000000000                                        000000000000                   
0330001300007P 010001001301476520130147652  0000000061557511  0000000000061551505201700000000000606400000 02N050520173000000000000000000000000000000000000000000000000000000000000000000000000000000000000000000000000006155000300000           
0330001300008Q 011000003088728865CICERO VALTER HOLANDA                   R SEURREBES , 140 A                     VL OLINDA      03380150SAO PAULO      SP0000000000000000                                        000000000000                   
0330001300009P 010001001301476520130147652  0000000061387511  0000000000061381505201700000000001026000000 02N050520173000000000000000000000000000000000000000000000000000000000000000000000000000000000000000000000000006138000300000           
0330001300010Q 011000031753805813LEANDRO BATISTA DOS SANTOS              R FRANCISCO ALVES BEZERRA, 872          JD BRASIL      02228001SAO PAULO      SP0000000000000000                                        000000000000                   
0330001300011P 010001001301476520130147652  0000000062499511  0000000000062491505201700000000000028800000 02N050520173000000000000000000000000000000000000000000000000000000000000000000000000000000000000000000000000006249000300000           
0330001300012Q 011000088788733653MARINIUZA ALVES DE ALMEIDA              R RUI DE MORAIS APOCALIPSE,312,BLOCO 20 JD DO TIRO     02842260SAO PAULO      SP0000000000000000                                        000000000000                   
0330001300013P 010001001301476520130147652  0000000062367511  0000000000062361505201700000000002813600000 02N050520173000000000000000000000000000000000000000000000000000000000000000000000000000000000000000000000000006236000300000           
0330001300014Q 011000007573271840IARA APARECIDA DE ARRUDA                R HELENA AP SECOL, 280 B 03 AP 144      JD PALERMO     09780595S B CAMPO      SP0000000000000000                                        000000000000                   
0330001300015P 010001001301476520130147652  0000000062456511  0000000000062451505201700000000001845000000 02N050520173000000000000000000000000000000000000000000000000000000000000000000000000000000000000000000000000006245000300000           
0330001300016Q 011000006348492800MARCELO CINTRA ROLIM                    RUA CARLOS DO PINHAL, 345/2002          C CEZAR        01333001SAO PAULO      SP0000000000000000                                        000000000000                   
0330001300017P 010001001301476520130147652  0000000061549511  0000000000061541505201700000000002329100000 02N050520173000000000000000000000000000000000000000000000000000000000000000000000000000000000000000000000000006154000300000           
0330001300018Q 011000009470824849MARIA IGNES GARRATA MENEZES             RUA ESTADO DE ISRAEL, 435 AP 133        VL CLEMENTINO  04022900SAO PAULO      SP0000000000000000                                        000000000000                   
0330001300019P 010001001301476520130147652  0000000061531511  0000000000061531505201700000000002718900000 02N050520173000000000000000000000000000000000000000000000000000000000000000000000000000000000000000000000000006153000300000           
0330001300020Q 011000001022673831JOSE ANTONIO DE ARAUJO                  ESTRADA DO SABAO, 1403 AP 68 BL 2       JD MARISTELA   02806000SAO PAULO      SP0000000000000000                                        000000000000                   
0330001300021P 010001001301476520130147652  0000000062219511  0000000000062211505201700000000006155300000 02N050520173000000000000000000000000000000000000000000000000000000000000000000000000000000000000000000000000006221000300000           
0330001300022Q 011000087157470853NEUSA MARIA DE O B FERNANDES            RUA AMAIBA,111                          PARADA INGLESA 02307140SAO PAULO      SP0000000000000000                                        000000000000                   
0330001300023P 010001001301476520130147652  0000000062057511  0000000000062051505201700000000001845000000 02N050520173000000000000000000000000000000000000000000000000000000000000000000000000000000000000000000000000006205000300000           
0330001300024Q 011000008695983846JOAO HENRIQUE  TENORIO JUNIOR           R DR ANGELO VITA,112 APTO 154           TATUAPE        03069000SAO PAULO      SP0000000000000000                                        000000000000                   
0330001300025P 010001001301476520130147652  0000000061441511  0000000000061441505201700000000016359600000 02N050520173000000000000000000000000000000000000000000000000000000000000000000000000000000000000000000000000006144000300000           
0330001300026Q 011000075783444804MARISA APARECIDA LOPES PINTER           R ANTONIETA LEITAO,357,APTO.133         FREGUESIA DO O 02925160SAO PAULO      SP0000000000000000                                        000000000000                   
0330001300027P 010001001301476520130147652  0000000061425511  0000000000061421505201700000000000649100000 02N050520173000000000000000000000000000000000000000000000000000000000000000000000000000000000000000000000000006142000300000           
0330001300028Q 011000012526032822DULCINEIA BARBOSA GARCIA                AV ARMANDO BEI, 401 AP 44 BL 1          CI NV BONSUCESO07175000GUARULHOS      SP0000000000000000                                        000000000000                   
0330001300029P 010001001301476520130147652  0000000062006511  0000000000062001505201700000000001461100000 02N050520173000000000000000000000000000000000000000000000000000000000000000000000000000000000000000000000000006200000300000           
0330001300030Q 011000000340639865ROSALINA FATIMA SILVA SILVEIRA          AV LAZAR SEGAL, 373                     IMIRIM         02543010SAO PAULO      SP0000000000000000                                        000000000000                   
0330001300031P 010001001301476520130147652  0000000061867511  0000000000061861505201700000000000694000000 02N050520173000000000000000000000000000000000000000000000000000000000000000000000000000000000000000000000000006186000300000           
0330001300032Q 011000020393191826EMERSON JOSE FERRADOSA DE SOUZA         R ARTHUR BERNARDES 247                  VL INVERNADA   03490000SAO PAULO      SP0000000000000000                                        000000000000                   
0330001300033P 010001001301476520130147652  0000000061336511  0000000000061331505201700000000000506300000 02N050520173000000000000000000000000000000000000000000000000000000000000000000000000000000000000000000000000006133000300000           
0330001300034Q 011000013074770899MARCELO MOURA DE CAMPOS                 RUA MONSENHOR MANOEL GOMES, 261         PIRITUBA       02975120SAO PAULO      SP0000000000000000                                        000000000000                   
0330001300035P 010001001301476520130147652  0000000061484511  0000000000061481505201700000000001026000000 02N050520173000000000000000000000000000000000000000000000000000000000000000000000000000000000000000000000000006148000300000           
0330001300036Q 011000087491591868SONIA MARIA EDWIRGES                    AV NICOLAU JACINTO,685,BL 5 APTO.43     CIDADE A. E. CA03687010SAO PAULO      SP0000000000000000                                        000000000000                   
0330001300037P 010001001301476520130147652  0000000061671511  0000000000061671505201700000000000905600000 02N050520173000000000000000000000000000000000000000000000000000000000000000000000000000000000000000000000000006167000300000           
0330001300038Q 011000014039227808ALEXANDRA PEREIRA                       RUA BALACLAVA, 871                      J STO ALBERTO  09260440STO ANDRE      SP0000000000000000                                        000000000000                   
0330001300039P 010001001301476520130147652  0000000062481511  0000000000062481505201700000000000019200000 02N050520173000000000000000000000000000000000000000000000000000000000000000000000000000000000000000000000000006248000300000           
0330001300040Q 011000007250788809JOSIANE CAPUCHO SILVA                   RUA LATERAL, 374                        V NOVA IORQUE  03479000SAO PAULO      SP0000000000000000                                        000000000000                   
0330001300041P 010001001301476520130147652  0000000061638511  0000000000061631505201700000000009635000000 02N050520173000000000000000000000000000000000000000000000000000000000000000000000000000000000000000000000000006163000300000           
0330001300042Q 011000007612029863HERMOGENES FELIPE FILHO                 RUA PAULO LEOPES DE LEAO, 501           ITAQUERA       08210520SAO PAULO      SP0000000000000000                                        000000000000                   
0330001300043P 010001001301476520130147652  0000000062324511  0000000000062321505201700000000001766500000 02N050520173000000000000000000000000000000000000000000000000000000000000000000000000000000000000000000000000006232000300000           
0330001300044Q 011000001470170841SONIA DE OLIVEIRA B CALIXTER            RUA DAS SERINGUEIRAS, 373 AP 74         JABAQUARA      04321070SAO PAULO      SP0000000000000000                                        000000000000                   
0330001300045P 010001001301476520130147652  0000000062537511  0000000000062531505201700000000000821200000 02N050520173000000000000000000000000000000000000000000000000000000000000000000000000000000000000000000000000006253000300000           
0330001300046Q 011000018309688822MARISTELA HEREDIA                       R PADRE ANTONIO DE SOUZA LIMA, 170      VL EURO        09810170S B DO CAMPO   SP0000000000000000                                        000000000000                   
0330001300047P 010001001301476520130147652  0000000061931511  0000000000061931505201700000000001460600000 02N050520173000000000000000000000000000000000000000000000000000000000000000000000000000000000000000000000000006193000300000           
0330001300048Q 011000014013454840PATRICIA REGIANE DAS NEVES              AV MOINHO FABRINE, 1262                 VL COCA        09862000S B DO CAMPO   SP0000000000000000                                        000000000000                   
0330001300049P 010001001301476520130147652  0000000061761511  0000000000061761505201700000000005419300000 02N050520173000000000000000000000000000000000000000000000000000000000000000000000000000000000000000000000000006176000300000           
0330001300050Q 011000003630357881ELY MATOS                               R MARIA MARI,88                         JD MONTE ALEGRE06755390T  DA SERRA    SP0000000000000000                                        000000000000                   
0330001300051P 010001001301476520130147652  0000000062243511  0000000000062241505201700000000002360300000 02N050520173000000000000000000000000000000000000000000000000000000000000000000000000000000000000000000000000006224000300000           
0330001300052Q 011000097590223468JACI DE SOUZA E SILVA                   R IGNACIO MANOEL ALTAMIRANO,85          JD SABIA       04856555SAO PAULO      SP0000000000000000                                        000000000000                   
0330001300053P 010001001301476520130147652  0000000062405511  0000000000062401505201700000000001845000000 02N050520173000000000000000000000000000000000000000000000000000000000000000000000000000000000000000000000000006240000300000           
0330001300054Q 011000007271790802DENISE FERNANDES FACINA                 RUA ITU, 33 AP 33 BL B                  BAETA NEVES    09751040SAO B DO CAMPO SP0000000000000000                                        000000000000                   
0330001300055P 010001001301476520130147652  0000000062146511  0000000000062141505201700000000001045100000 02N050520173000000000000000000000000000000000000000000000000000000000000000000000000000000000000000000000000006214000300000           
0330001300056Q 011000018035780840SONIA APARECIDA DOS SANTOS              R PROGRESSO, 170                        VL AURORA      09780130S B DO CAMPO   SP0000000000000000                                        000000000000                   
0330001300057P 010001001301476520130147652  0000000061433511  0000000000061431505201700000000000503300000 02N050520173000000000000000000000000000000000000000000000000000000000000000000000000000000000000000000000000006143000300000           
0330001300058Q 011000030860820864CAMILA SANTOS TEODORO                   RUA CAMPO SANTO, 379 BL 3 APTO 41       PQ DAS NACOES  09280195SANTO ANDRE    SP0000000000000000                                        000000000000                   
0330001300059P 010001001301476520130147652  0000000061468511  0000000000061461505201700000000001223200000 02N050520173000000000000000000000000000000000000000000000000000000000000000000000000000000000000000000000000006146000300000           
0330001300060Q 011000005582018816DIRCE PEREIRA SALES                     R GINGADINHO, 44 PASSAGEM D             JD SA BENTO NOV05886410SAO PAULO      SP0000000000000000                                        000000000000                   
0330001300061P 010001001301476520130147652  0000000061565511  0000000000061561505201700000000002329100000 02N050520173000000000000000000000000000000000000000000000000000000000000000000000000000000000000000000000000006156000300000           
0330001300062Q 011000005589720800EMILIA EMIRENE NOGUEIRA                 RUA LEANDRO DUPRET, 662 AP 31           VL CLEMENTINO  04025013SAO PAULO      SP0000000000000000                                        000000000000                   
0330001300063P 010001001301476520130147652  0000000061492511  0000000000061491505201700000000003188200000 02N050520173000000000000000000000000000000000000000000000000000000000000000000000000000000000000000000000000006149000300000           
0330001300064Q 011000082858195820JOAQUIM DAS CHAGAS SOARES NETO          AV CEL JOSE PIRES DE ANDRADE 646,182    VL ELISIO      04295001SAO PAULO      SP0000000000000000                                        000000000000                   
0330001300065P 010001001301476520130147652  0000000062332511  0000000000062331505201700000000003781200000 02N050520173000000000000000000000000000000000000000000000000000000000000000000000000000000000000000000000000006233000300000           
0330001300066Q 011000003338176805GEREMIAS FILOMENO DE FARIAS             ESTR DAS CABREUVAL, 280                 CH STA MARIA   06856860ITAP DA SERRA  SP0000000000000000                                        000000000000                   
0330001300067P 010001001301476520130147652  0000000061972511  0000000000061971505201700000000002784500000 02N050520173000000000000000000000000000000000000000000000000000000000000000000000000000000000000000000000000006197000300000           
0330001300068Q 011000006470787835JOSE ALTAMIRO NUNES DA SILVA            AV MARIA HELENA, 32 CASA 04             JD DINARAH     06703100COTIA          SP0000000000000000                                        000000000000                   
0330001300069P 010001001301476520130147652  0000000061581511  0000000000061581505201700000000002329100000 02N050520173000000000000000000000000000000000000000000000000000000000000000000000000000000000000000000000000006158000300000           
0330001300070Q 011000084687231853CLEUSA DE MIRANDA CAOBIANCO             R TEIXEIRA DA SILVA, 363 AP 11          PARAISO        04002031SAO PAULO      SP0000000000000000                                        000000000000                   
0330001300071P 010001001301476520130147652  0000000062278511  0000000000062271505201700000000000959900000 02N050520173000000000000000000000000000000000000000000000000000000000000000000000000000000000000000000000000006227000300000           
0330001300072Q 011000012968456806EDNA MIRANDA BARRETO SANTOS             EST DOS GUATAMBUS, 52                   ITAPECERICA SER06857820SAO PAULO      SP0000000000000000                                        000000000000                   
0330001300073P 010001001301476520130147652  0000000061662511  0000000000061661505201700000000000128400000 02N050520173000000000000000000000000000000000000000000000000000000000000000000000000000000000000000000000000006166000300000           
0330001300074Q 011000006348363821BERNADETE L DE SOUSA PASCHUETTO         RUA RUI BARBOSA,361,APTO 142 BL.1       VILA BOA VISTA 09190370SANTO ANDRE    SP0000000000000000                                        000000000000                   
0330001300075P 010001001301476520130147652  0000000061395511  0000000000061391505201700000000000649100000 02N050520173000000000000000000000000000000000000000000000000000000000000000000000000000000000000000000000000006139000300000           
0330001300076Q 011000030500537801CLAUDIA SOUSA DA SILVA                  RUA DESCALVADO, 80                      VL FRAN MATARAZ09241210STO ANDRE      SP0000000000000000                                        000000000000                   
0330001300077P 010001001301476520130147652  0000000062081511  0000000000062081505201700000000001794300000 02N050520173000000000000000000000000000000000000000000000000000000000000000000000000000000000000000000000000006208000300000           
0330001300078Q 011000010081975805EMPEDOCLES DOMINGOS DA SILVA            AV GEOVANI GRONCHI, 6675 PQ BRASIL,AP17 VLA ANDRADE    05724902SAO PAULO      SP0000000000000000                                        000000000000                   
0330001300079P 010001001301476520130147652  0000000062529511  0000000000062521505201700000000009420300000 02N050520173000000000000000000000000000000000000000000000000000000000000000000000000000000000000000000000000006252000300000           
0330001300080Q 011000006388831800FLORALICE DO CARMO N SILVA              RUA MILANO  (LOTEAMENTO VILLA DESTE,760 JARDIM RIO DAS 06703794COTIA          SP0000000000000000                                        000000000000                   
0330001300081P 010001001301476520130147652  0000000061611511  0000000000061611505201700000000002285000000 02N050520173000000000000000000000000000000000000000000000000000000000000000000000000000000000000000000000000006161000300000           
0330001300082Q 011000013997663840JANIRA CARNEIRO DA SILVA                RUA VICTORIO NATAL GASTAURO, 116        JD PALERMA     09780425SAO B DO CAMPO SP0000000000000000                                        000000000000                   
0330001300083P 010001001301476520130147652  0000000061514511  0000000000061511505201700000000002329100000 02N050520173000000000000000000000000000000000000000000000000000000000000000000000000000000000000000000000000006151000300000           
0330001300084Q 011000056186010872MARIA CECILIA ROCHA SOLERA              R PAULISTANIA, 413 AP 04                SUMAREZINHO    05440000SAO PAULO      SP0000000000000000                                        000000000000                   
0330001300085P 010001001301476520130147652  0000000061816511  0000000000061811505201700000000002963500000 02N050520173000000000000000000000000000000000000000000000000000000000000000000000000000000000000000000000000006181000300000           
0330001300086Q 011000007998259809CARLOS ALBERTO DE CAMPOS                R FERNANDO COSTA 322                    PQ GERASSI     09120305SANTO ANDRE    SP0000000000000000                                        000000000000                   
0330001300087P 010001001301476520130147652  0000000061727511  0000000000061721505201700000000001090900000 02N050520173000000000000000000000000000000000000000000000000000000000000000000000000000000000000000000000000006172000300000           
0330001300088Q 011000000383259851ELISABETE MARTINES LOPES                RUA DAS ORQUIDEAS, 239 BL 02 AP 21      VL MARCHI      09810390S B CAMPO      SP0000000000000000                                        000000000000                   
0330001300089P 010001001301476520130147652  0000000061311511  0000000000061311505201700000000001637600000 02N050520173000000000000000000000000000000000000000000000000000000000000000000000000000000000000000000000000006131000300000           
0330001300090Q 011000016173912805SILVIO CUSTODIO                         R DR CINCINATO BRAGA, 691 BL 02,54      PLANALTO       09890300SAO B DO CAMPO SP0000000000000000                                        000000000000                   
0330001300091P 010001001301476520130147652  0000000061808511  0000000000061801505201700000000001167800000 02N050520173000000000000000000000000000000000000000000000000000000000000000000000000000000000000000000000000006180000300000           
0330001300092Q 011000005530538843REGINA CELIA DA SILVA CARVALHO          EST DOUGLAS W GOMES DE ARAUJO, 35       JD BOM SUCESSO 06335140CARAPICUIBA    SP0000000000000000                                        000000000000                   
0330001300093P 010001001301476520130147652  0000000062031511  0000000000062031505201700000000000821200000 02N050520173000000000000000000000000000000000000000000000000000000000000000000000000000000000000000000000000006203000300000           
0330001300094Q 011000004410407805EDILEUZA IZABEL ZANETTI SOUSA           RUA DAS ANTAS, 10 AP 52 BL 01           SITIO ORATORIO 03978470SAO PAULO      SP0000000000000000                                        000000000000                   
0330001300095P 010001001301476520130147652  0000000062375511  0000000000062371505201700000000001845000000 02N050520173000000000000000000000000000000000000000000000000000000000000000000000000000000000000000000000000006237000300000           
0330001300096Q 011000004889769870UBALDO REGIS PEROSSI CARRADO            R RELOGIO DO SOL, 147                   LAPA           05065080SAO PAULO      SP0000000000000000                                        000000000000                   
0330001300097P 010001001301476520130147652  0000000061522511  0000000000061521505201700000000001167800000 02N050520173000000000000000000000000000000000000000000000000000000000000000000000000000000000000000000000000006152000300000           
0330001300098Q 011000008009875864ELZA FELIX DOS SANTOS                   RUA GREGORIO DE MATOS GUERRA, 76        BAIRRO CASAS   09850040SAO B DO CAMPO SP0000000000000000                                        000000000000                   
0330001300099P 010001001301476520130147652  0000000062511511  0000000000062511505201700000000000588200000 02N050520173000000000000000000000000000000000000000000000000000000000000000000000000000000000000000000000000006251000300000           
0330001300100Q 011000025999769876CLAUDIA VIEIRA MOTA                     R TELEMENEZES 117                       JD SILVINIA    09791160SAO B DO CAMPO SP0000000000000000                                        000000000000                   
0330001300101P 010001001301476520130147652  0000000061751511  0000000000061751505201700000000001045200000 02N050520173000000000000000000000000000000000000000000000000000000000000000000000000000000000000000000000000006175000300000           
0330001300102Q 011000014067824831JOSE CARLOS ALVES DA SILVA              ESTRADA SAO FRANCISC,1668,APTO.96 BL. 02JD ENRIQUETA   06764290TABOAO DA SERRASP0000000000000000                                        000000000000                   
0330001300103P 010001001301476520130147652  0000000061832511  0000000000061831505201700000000003115800000 02N050520173000000000000000000000000000000000000000000000000000000000000000000000000000000000000000000000000006183000300000           
0330001300104Q 011000005773898829MARIA APARECIDA MAZAIA                  TRAV ITAPOLIS, 16                       V F MATARAZZO  09240550STO ANDRE      SP0000000000000000                                        000000000000                   
0330001300105P 010001001301476520130147652  0000000062294511  0000000000062291505201700000000001167800000 02N050520173000000000000000000000000000000000000000000000000000000000000000000000000000000000000000000000000006229000300000           
0330001300106Q 011000009256803895VERA ALICE DE LIMA                      RUA GIUSEPPE ULIANI, S/N CASA 206       JD QUATRO MARIA09820160SAO B DO CAMPO SP0000000000000000                                        000000000000                   
0330001300107P 010001001301476520130147652  0000000061352511  0000000000061351505201700000000000535900000 02N050520173000000000000000000000000000000000000000000000000000000000000000000000000000000000000000000000000006135000300000           
0330001300108Q 011000015639490837LUCIANO DE LIMA DOS SANTOS              RUA MIGUEL GALINDO NAVARRO437 CASA7     JD ARAGUAIA    09371335MAUA           SP0000000000000000                                        000000000000                   
0330001300109P 010001001301476520130147652  0000000061379511  0000000000061371505201700000000000649200000 02N050520173000000000000000000000000000000000000000000000000000000000000000000000000000000000000000000000000006137000300000           
0330001300110Q 011000007411862843JOSELIO OLIVEIRA SANTOS                 R ANTONIO RAPOSSO BARRETO, 31 BL 04,32  JD DAS FLORES  04904170SAO PAULO      SP0000000000000000                                        000000000000                   
0330001300111P 010001001301476520130147652  0000000062464511  0000000000062461505201700000000003036300000 02N050520173000000000000000000000000000000000000000000000000000000000000000000000000000000000000000000000000006246000300000           
0330001300112Q 011000008647742818FATIMA A F GIANCATERINO                 R BRASILIO MACHADO, 173 AP62 6ANDAR     CENTRO         09715140SAO B DO CAMPO SP0000000000000000                                        000000000000                   
0330001300113P 010001001301476520130147652  0000000061646511  0000000000061641505201700000000001845000000 02N050520173000000000000000000000000000000000000000000000000000000000000000000000000000000000000000000000000006164000300000           
0330001300114Q 011000005539961854MARIA APARECIDA MALTA                   R ACUCENA, 1017                         JD DAS FLORES  06110160OSASCO         SP0000000000000000                                        000000000000                   
0330001300115P 010001001301476520130147652  0000000061948511  0000000000061941505201700000000003983400000 02N050520173000000000000000000000000000000000000000000000000000000000000000000000000000000000000000000000000006194000300000           
0330001300116Q 011000082913692834JOSE RUBENS QUADRADO                    AV BRIG MANOEL R JORDAO, 347            JD SILVEIRA    06433010BARUERI        SP0000000000000000                                        000000000000                   
0330001300117P 010001001301476520130147652  0000000061263511  0000000000061261505201700000000001620500000 02N050520173000000000000000000000000000000000000000000000000000000000000000000000000000000000000000000000000006126000300000           
0330001300118Q 011000014626502873ROSELI CRISTINA MARTINS                 AV SARA LIRLIS, 222 BL 05 AP 1001       VL GESTOMAR    09130220STO ANDRE      SP0000000000000000                                        000000000000                   
0330001300119P 010001001301476520130147652  0000000061981511  0000000000061981505201700000000002169600000 02N050520173000000000000000000000000000000000000000000000000000000000000000000000000000000000000000000000000006198000300000           
0330001300120Q 011000016102175867ANA PAULA BARBOSA SOUZA                 AV DR ALBERTO JACKSON BRI,BLOCO 04 - 24 VL MENK        06273050OSASCO         SP0000000000000000                                        000000000000                   
0330001300121P 010001001301476520130147652  0000000061247511  0000000000061241505201700000000000385600000 02N050520173000000000000000000000000000000000000000000000000000000000000000000000000000000000000000000000000006124000300000           
0330001300122Q 011000025625236879MARCELO DE OLIVEIRA BONETTI             R CARLOS MARIGUELA, 352                 JD TEREZA      02875000SAO PAULO      SP0000000000000000                                        000000000000                   
0330001300123P 010001001301476520130147652  0000000062286511  0000000000062281505201700000000004292800000 02N050520173000000000000000000000000000000000000000000000000000000000000000000000000000000000000000000000000006228000300000           
0330001300124Q 011000001121330886MARIA LUCIA DE FATIMA                   R DR.IGNACIO PROENCA DE GOUVEIA,911     CASA VERDE     02534010SAO PAULO      SP0000000000000000                                        000000000000                   
0330001300125P 010001001301476520130147652  0000000062261511  0000000000062261505201700000000001176400000 02N050520173000000000000000000000000000000000000000000000000000000000000000000000000000000000000000000000000006226000300000           
0330001300126Q 011000021442382864ADRIANA CRISTINA BOLDRIN                R PAPA PAULO VI, 200 AP 43 ED SANTO     JD IRAJA       09781250SAO B DO CAMPO SP0000000000000000                                        000000000000                   
0330001300127P 010001001301476520130147652  0000000062111511  0000000000062111505201700000000001615000000 02N050520173000000000000000000000000000000000000000000000000000000000000000000000000000000000000000000000000006211000300000           
0330001300128Q 011000009737924851VERA LOPES DA SILVA                     RUA EMILIO RIBAS,210                    VILA APIAI     09185380SANTO ANDRE    SP0000000000000000                                        000000000000                   
0330001300129P 010001001301476520130147652  0000000061875511  0000000000061871505201700000000003671000000 02N050520173000000000000000000000000000000000000000000000000000000000000000000000000000000000000000000000000006187000300000           
0330001300130Q 011000025790828833MARIA DE FATIMA A P MENDRIGO            AV JOSE ESTEVAS DE MAGALHA,BLOCO 51 - B JABAQUARA      04332050SAO PAULO      SP0000000000000000                                        000000000000                   
0330001300131P 010001001301476520130147652  0000000061743511  0000000000061741505201700000000003024700000 02N050520173000000000000000000000000000000000000000000000000000000000000000000000000000000000000000000000000006174000300000           
0330001300132Q 011000019241729848ELAINE MIRANDA ZEFERINO                 RUA PATRICIA GALVAO, 20                 POR DO SOL     09951496DIADEMA        SP0000000000000000                                        000000000000                   
0330001300133P 010001001301476520130147652  0000000061697511  0000000000061691505201700000000000798300000 02N050520173000000000000000000000000000000000000000000000000000000000000000000000000000000000000000000000000006169000300000           
0330001300134Q 011000011238251811VERA APARECIDA DAMACENO                 R MARIA JOANA ROSA , 96                 JD DE ABRIL    06040040OSASCO         SP0000000000000000                                        000000000000                   
0330001300135P 010001001301476520130147652  0000000061921511  0000000000061921505201700000000001815400000 02N050520173000000000000000000000000000000000000000000000000000000000000000000000000000000000000000000000000006192000300000           
0330001300136Q 011000008368028884CLAUDIO DOMINGUES                       ESTRADA DE ITAPECERICA,1528,APTO 64 BL 1VILA PREL      05835004SAO PAULO      SP0000000000000000                                        000000000000                   
0330001300137P 010001001301476520130147652  0000000062154511  0000000000062151505201700000000001196700000 02N050520173000000000000000000000000000000000000000000000000000000000000000000000000000000000000000000000000006215000300000           
0330001300138Q 011000011963826892NADIR CRISTINA DA SILVA                 R DIOGO BOTELHO, 80                     JD ALBA CASA GR09963060DIADEMA        SP0000000000000000                                        000000000000                   
0330001300139P 010001001301476520130147652  0000000062431511  0000000000062431505201700000000001615000000 02N050520173000000000000000000000000000000000000000000000000000000000000000000000000000000000000000000000000006243000300000           
0330001300140Q 011000008209168894MARIA DE FATIMA DOS SANTOS              R NICOLAU SINGER, 27                    DEMARCHE       09820310S B CAMPO      SP0000000000000000                                        000000000000                   
0330001300141P 010001001301476520130147652  0000000061891511  0000000000061891505201700000000001045300000 02N050520173000000000000000000000000000000000000000000000000000000000000000000000000000000000000000000000000006189000300000           
0330001300142Q 011000006554238859LILIANE CRISTINE ROSA                   R JOSE PALOMINO, 53                     VILA SILVIA    03280020SAO PAULO      SP0000000000000000                                        000000000000                   
0330001300143P 010001001301476520130147652  0000000061591511  0000000000061591505201700000000002216000000 02N050520173000000000000000000000000000000000000000000000000000000000000000000000000000000000000000000000000006159000300000           
0330001300144Q 011000029020905872ELIZABETH MYRIAM TEIXEIRA DA COSTA      R APARECIDA TEODORO DE CARVALHO,20      JACANA         02273020SAO PAULO      SP0000000000000000                                        000000000000                   
0330001300145P 010001001301476520130147652  0000000061344511  0000000000061341505201700000000002132900000 02N050520173000000000000000000000000000000000000000000000000000000000000000000000000000000000000000000000000006134000300000           
0330001300146Q 011000018476130805ED CARLOS FERREIRA LIMA                 RUA PROF ANTONIO AUSTRAGESIL,177,CASA 15JARDIM BOA ESPE05867000SAO PAULO      SP0000000000000000                                        000000000000                   
0330001300147P 010001001301476520130147652  0000000061735511  0000000000061731505201700000000001745500000 02N050520173000000000000000000000000000000000000000000000000000000000000000000000000000000000000000000000000006173000300000           
0330001300148Q 011000005814188839SERGIO PINTO DE BARROS                  RUA BARIRI, 423 AP 07                   PQ PARAISO     06850430ITA SERRA      SP0000000000000000                                        000000000000                   
0330001300149P 010001001301476520130147652  0000000061603511  0000000000061601505201700000000002329100000 02N050520173000000000000000000000000000000000000000000000000000000000000000000000000000000000000000000000000006160000300000           
0330001300150Q 011000022266895834LEOPOLDINA DE ALMEIDA COUTO             R PRESIDENTE DUTRA, 36 AP 27            VL EUCLIDES    09725530SAO B DO CAMPO SP0000000000000000                                        000000000000                   
0330001300151P 010001001301476520130147652  0000000061654511  0000000000061651505201700000000001167800000 02N050520173000000000000000000000000000000000000000000000000000000000000000000000000000000000000000000000000006165000300000           
0330001300152Q 011000006104664881SUELI MARIA DA SILVA SA                 RUA CRISTIANO ANGELI,1596               ASSUNCAO       09812601SAO BERNARDO DOSP0000000000000000                                        000000000000                   
0330001300153P 010001001301476520130147652  0000000061255511  0000000000061251505201700000000001209600000 02N050520173000000000000000000000000000000000000000000000000000000000000000000000000000000000000000000000000006125000300000           
0330001300154Q 011000014906504825DIONISIO LEITE RIBEIRO                  R ENI ALVES SOUZA LEITE, 51             JD STA MARGARID11111111SAO PAULO      SP0000000000000000                                        000000000000                   
0330001300155P 010001001301476520130147652  0000000062103511  0000000000062101505201700000000001167800000 02N050520173000000000000000000000000000000000000000000000000000000000000000000000000000000000000000000000000006210000300000           
0330001300156Q 011000026655583861MARIA HELENA FERREIRA COSTA             R EDUARDO LOBO, 194                     PQ IMPERIAL    04302090SAO PAULO      SP0000000000000000                                        000000000000                   
0330001300157P 010001001301476520130147652  0000000061905511  0000000000061901505201700000000000694000000 02N050520173000000000000000000000000000000000000000000000000000000000000000000000000000000000000000000000000006190000300000           
0330001300158Q 011000026039111801REGIS ELOY LOPES DE OLIVEIRA            R PAPA PAULO VI, 200 AP 43              JD IRAJA       09781250SAO B DO CAMPO SP0000000000000000                                        000000000000                   
0330001300159P 010001001301476520130147652  0000000062014511  0000000000062011505201700000000001223200000 02N050520173000000000000000000000000000000000000000000000000000000000000000000000000000000000000000000000000006201000300000           
0330001300160Q 011000001154017842ZILDA MARIA DA ROCHA DE MOURA           R PROF TOMAZ DE AQUINO, 403             IPIRANGA       04118010SAO PAULO      SP0000000000000000                                        000000000000                   
0330001300161P 010001001301476520130147652  0000000062201511  0000000000062201505201700000000001522100000 02N050520173000000000000000000000000000000000000000000000000000000000000000000000000000000000000000000000000006220000300000           
0330001300162Q 011000025134977836GLORIA ALVES DE SOUZA                   R ROLANDO GAMBINI, 56                   ASSUNCAO       09811130SAO B DO CAMPO SP0000000000000000                                        000000000000                   
0330001300163P 010001001301476520130147652  0000000061701511  0000000000061701505201700000000001845000000 02N050520173000000000000000000000000000000000000000000000000000000000000000000000000000000000000000000000000006170000300000           
0330001300164Q 011000004916195884LUCIA HELENA MARTINEZ                   R FREDERICO VON MARTIUS, 255 AP 91      V MONUMENTO    01548010SAO PAULO      SP0000000000000000                                        000000000000                   
0330001300165P 010001001301476520130147652  0000000062091511  0000000000062091505201700000000001045300000 02N050520173000000000000000000000000000000000000000000000000000000000000000000000000000000000000000000000000006209000300000           
0330001300166Q 011000012522543857MARIA NOELY DE ALMEIDA SALES            R POTI, 10                              JD CRISPIM     06866180ITAP SERRA     SP0000000000000000                                        000000000000                   
0330001300167P 010001001301476520130147652  0000000061417511  0000000000061411505201700000000000385600000 02N050520173000000000000000000000000000000000000000000000000000000000000000000000000000000000000000000000000006141000300000           
0330001300168Q 011000025448572855ANA CLAUDIA DA CUNHA RIBEIRO            RUA ADOLFO REILE,286,APTO 31B           JD CELESTE     04195070SAO PAULO      SP0000000000000000                                        000000000000                   
0330001300169P 010001001301476520130147652  0000000062235511  0000000000062231505201700000000001398700000 02N050520173000000000000000000000000000000000000000000000000000000000000000000000000000000000000000000000000006223000300000           
0330001300170Q 011000025080704837ERICA MARSON MACHADO                    R TIRADENTES, 1933 AP 22 BL 8           STA TEREZINHA  09781220SAO B DO CAMPO SP0000000000000000                                        000000000000                   
0330001300171P 010001001301476520130147652  0000000061913511  0000000000061911505201700000000001522000000 02N050520173000000000000000000000000000000000000000000000000000000000000000000000000000000000000000000000000006191000300000           
0330001300172Q 011000025081040860FLAVIA MARTINS                          R FRANCISCO VISENTAINER,549 AP2121      ASSUNCAO       09861630SAO B DO CAMPO SP0000000000000000                                        000000000000                   
0330001300173P 010001001301476520130147652  0000000061476511  0000000000061471505201700000000001113900000 02N050520173000000000000000000000000000000000000000000000000000000000000000000000000000000000000000000000000006147000300000           
0330001300174Q 011000002890927873ROSELI RODRIGUES ALBARELLA              RUA DAS PAPOULAS,109                    DEMARCHI       09820510SAO B DO CAMPO SP0000000000000000                                        000000000000                   
0330001300175P 010001001301476520130147652  0000000061964511  0000000000061961505201700000000002850500000 02N050520173000000000000000000000000000000000000000000000000000000000000000000000000000000000000000000000000006196000300000           
0330001300176Q 011000005354701856ADENAIDE MARINHEIRO DE LIMA             RUA LAGOINHA DE LESTE,222               JD CECI        02872060SAO PAULO      SP0000000000000000                                        000000000000                   
0330001300177P 010001001301476520130147652  0000000062227511  0000000000062221505201700000000005424900000 02N050520173000000000000000000000000000000000000000000000000000000000000000000000000000000000000000000000000006222000300000           
0330001300178Q 011000014422490800MARCOS ANTONIO TORRES                   R COLONIA LEOPOLDINA, 193 AP 14         ERM.MATARAZO   03821020SAO PAULO      SP0000000000000000                                        000000000000                   
0330001300179P 010001001301476520130147652  0000000061239511  0000000000061231505201700000000000503300000 02N050520173000000000000000000000000000000000000000000000000000000000000000000000000000000000000000000000000006123000300000           
0330001300180Q 011000028668694863ALINE ARAUJO DINIZ                      R CUZCO, 217                            JD SAULO ALBERT09260280SAO PAULO      SP0000000000000000                                        000000000000                   
0330001300181P 010001001301476520130147652  0000000062448511  0000000000062441505201700000000000694000000 02N050520173000000000000000000000000000000000000000000000000000000000000000000000000000000000000000000000000006244000300000           
0330001300182Q 011000021476970874PATRICIA DA CONCEICAO DE MELO           R GOIAS, 104                            PQ DAS FONTES  09430480RIBEIRAO PIRES SP0000000000000000                                        000000000000                   
0330001300183P 010001001301476520130147652  0000000061361511  0000000000061361505201700000000000581000000 02N050520173000000000000000000000000000000000000000000000000000000000000000000000000000000000000000000000000006136000300000           
0330001300184Q 011000068544235700SANDRA MARIA DE SOUZA ARAUJO            R DR ZUQUIM, 472 AP 07                  SANTANA        02035020SAO PAULO      SP0000000000000000                                        000000000000                   
0330001300185P 010001001301476520130147652  0000000062308511  0000000000062301505201700000000001045200000 02N050520173000000000000000000000000000000000000000000000000000000000000000000000000000000000000000000000000006230000300000           
0330001300186Q 011000012820191800MARCIO A VIAN MOURAO                    R DR PAULO RIBEIRO COELHO, 172          RIO PEQUENO    05374000SAO PAULO      SP0000000000000000                                        000000000000                   
0330001300187P 010001001301476520130147652  0000000062197511  0000000000062191505201700000000002819700000 02N050520173000000000000000000000000000000000000000000000000000000000000000000000000000000000000000000000000006219000300000           
0330001300188Q 011000007338804877CLAUDIO DOS SANTOS SILVA                FRANCISCO SOLER, 427                    JD PIRITUBA    05143280SAO PAULO      SP0000000000000000                                        000000000000                   
0330001300189P 010001001301476520130147652  0000000062502511  0000000000062501505201700000000001045100000 02N050520173000000000000000000000000000000000000000000000000000000000000000000000000000000000000000000000000006250000300000           
0330001300190Q 011000063592487515MARYLAN RODRIGUES PEREIRA SANCHES       RUA PRINCESA LEOPOLDINA, 574            ALTO DA LAPA   05081090SAO PAULO      SP0000000000000000                                        000000000000                   
0330001300191P 010001001301476520130147652  0000000062545511  0000000000062541505201700000000001202900000 02N050520173000000000000000000000000000000000000000000000000000000000000000000000000000000000000000000000000006254000300000           
0330001300192Q 011000007374465874MARIA EDNA SANTOS                       RUA SIRIOS,355                          ANCHIETA       09606100SAO B DO CAMPO SP0000000000000000                                        000000000000                   
0330001300193P 010001001301476520130147652  0000000062049511  0000000000062041505201700000000003577700000 02N050520173000000000000000000000000000000000000000000000000000000000000000000000000000000000000000000000000006204000300000           
0330001300194Q 011000010158096851ELIANA MARIA LINS                       R ITAICI, 315 AP 123                    STA TEREZINHA  02460030SAO PAULO      SP0000000000000000                                        000000000000                   
0330001300195P 010001001301476520130147652  0000000061956511  0000000000061951505201700000000004114400000 02N050520173000000000000000000000000000000000000000000000000000000000000000000000000000000000000000000000000006195000300000           
0330001300196Q 011000007104506802RAIMUNDO ALVES DA SILVA                 RUA MANDACARU 102                       JD NOV ESPERANC07956020FRANC. MORATO  SP0000000000000000                                        000000000000                   
0330001300197P 010001001301476520130147652  0000000061689511  0000000000061681505201700000000000686200000 02N050520173000000000000000000000000000000000000000000000000000000000000000000000000000000000000000000000000006168000300000           
0330001300198Q 011000025532185832FABIO DE LUNA REIS                      R JOSE ELIAS DE ALMEIDA, 821            JD ROBRU       08150230SAO PAULO      SP0000000000000000                                        000000000000                   
0330001300199P 010001001301476520130147652  0000000061778511  0000000000061771505201700000000001765100000 02N050520173000000000000000000000000000000000000000000000000000000000000000000000000000000000000000000000000006177000300000           
0330001300200Q 011000008887711852MARIA RITA PAULINO DO NASCIMENTO        R NOSSA SRA DOS MESES, 867 AP12,BLOCO A VL DAS MESES   04165001SAO PAULO      SP0000000000000000                                        000000000000                   
0330001300201P 010001001301476520130147652  0000000061271511  0000000000061271505201700000000000485400000 02N050520173000000000000000000000000000000000000000000000000000000000000000000000000000000000000000000000000006127000300000           
0330001300202Q 011000018556791832VALERIA DE PAULA SAADS                  RUA HERMES DE OLIVEIRA, 33              VL QUINTAUNA   06080120OSASCO         SP0000000000000000                                        000000000000                   
0330001300203P 010001001301476520130147652  0000000061786511  0000000000061781505201700000000001613100000 02N050520173000000000000000000000000000000000000000000000000000000000000000000000000000000000000000000000000006178000300000           
0330001300204Q 011000014010864893MARIA INEZ CELLA                        AV PEDRO II, 3179                       CAMPESTRE      09080111STO ANDRE      SP0000000000000000                                        000000000000                   
0330001300205P 010001001301476520130147652  0000000062553511  0000000000062551505201700000000003846600000 02N050520173000000000000000000000000000000000000000000000000000000000000000000000000000000000000000000000000006255000300000           
0330001300206Q 011000005369111855JULIO VICENTE DE SOUZA                  R DR MARINHO DE ANDRADE, 158 FUNDOS     JD JAMAICA     05743170SAO PAULO      SP0000000000000000                                        000000000000                   
0330001300207P 010001001301476520130147652  0000000061212511  0000000000061211505201700000000000485400000 02N050520173000000000000000000000000000000000000000000000000000000000000000000000000000000000000000000000000006121000300000           
0330001300208Q 011000019259245800SONIA REGINA ESTEVEM DA SILVA           R TIRADENTES, 1837 BL 02 AP 27          STA TEREZINHA  09781220SAO B DO CAMPO SP0000000000000000                                        000000000000                   
0330001300209P 010001001301476520130147652  0000000061841511  0000000000061841505201700000000002338800000 02N050520173000000000000000000000000000000000000000000000000000000000000000000000000000000000000000000000000006184000300000           
0330001300210Q 011000010705824845EDNA CRISTINA DE OLIVEIRA ELIAS         AV JOSE ODORIZZI, 2471 BL 9 AP23        PQ DOS PASSAROS09851007SAO B DO CAMPO SP0000000000000000                                        000000000000                   
0330001300211P 010001001301476520130147652  0000000062121511  0000000000062121505201700000000004689300000 02N050520173000000000000000000000000000000000000000000000000000000000000000000000000000000000000000000000000006212000300000           
0330001300212Q 011000007254933803ELIZETE CARVALHO DE ANDRADE             AL DOM PEDRO DE ALCANTARA, 584          N PETROPOLIS   09771281SAO B DO CAMPO SP0000000000000000                                        000000000000                   
0330001300213P 010001001301476520130147652  0000000062383511  0000000000062381505201700000000000567800000 02N050520173000000000000000000000000000000000000000000000000000000000000000000000000000000000000000000000000006238000300000           
0330001300214Q 011000026381725885CLEITON PODADERA BECHFLANI              R GONCALVES DIAS, 325                   JD PORTUGAL    09715160SAO B CAMPO    SP0000000000000000                                        000000000000                   
0330001300215P 010001001301476520130147652  0000000062472511  0000000000062471505201700000000001166600000 02N050520173000000000000000000000000000000000000000000000000000000000000000000000000000000000000000000000000006247000300000           
0330001300216Q 011000009990318808RAQUEL ZAMBIANCO DE MORAES              RUA IPE ,300,BL.26 APTO.12              JD ESTRELA     09340570MAUA           SP0000000000000000                                        000000000000                   
0330001300217P 010001001301476520130147652  0000000062162511  0000000000062161505201700000000001166400000 02N050520173000000000000000000000000000000000000000000000000000000000000000000000000000000000000000000000000006216000300000           
0330001300218Q 011000011407486888RICHARD CERCHIARI                       RUA ISABEL SPINA PERELLA, 246           GUARULHOS      07031040GUARULHOS      SP0000000000000000                                        000000000000                   
0330001300219P 010001001301476520130147652  0000000061221511  0000000000061221505201700000000000845800000 02N050520173000000000000000000000000000000000000000000000000000000000000000000000000000000000000000000000000006122000300000           
0330001300220Q 011000058779388272VINICIO BELO DE SOUZA JUNIOR            R DR CINCINATO BRAGA, 691 BL 01,AP51    PLANALTO       09690300S B DO CAMPO   SP0000000000000000                                        000000000000                   
0330001300221P 010001001301476520130147652  0000000061719511  0000000000061711505201700000000004529900000 02N050520173000000000000000000000000000000000000000000000000000000000000000000000000000000000000000000000000006171000300000           
0330001300222Q 011000073801208672DARCILIA MARIA TEIXEIRA                 RUA BARRETOS,203                        JARDIM ORATORIO09381130MAUA           SP0000000000000000                                        000000000000                   
0330001300223P 010001001301476520130147652  0000000062391511  0000000000062391505201700000000001691300000 02N050520173000000000000000000000000000000000000000000000000000000000000000000000000000000000000000000000000006239000300000           
0330001300224Q 011000014209208809RENALDO ZAMBONI DE SALLES               RUA PIRATININGA, 477 BL1 AP 173         BRAS           03042001SAO PAULO      SP0000000000000000                                        000000000000                   
0330001300225P 010001001301476520130147652  0000000061859511  0000000000061851505201700000000001166600000 02N050520173000000000000000000000000000000000000000000000000000000000000000000000000000000000000000000000000006185000300000           
0330001300226Q 011000007451298892ARLETE DA SILVA                         R BARTOLOMEU DE GUSMAO, 70 AP 94,BLA    V SAO FRANCISCO09310680MAUA           SP0000000000000000                                        000000000000                   
0330001300227P 010001001301476520130147652  0000000061328511  0000000000061321505201700000000000369900000 02N050520173000000000000000000000000000000000000000000000000000000000000000000000000000000000000000000000000006132000300000           
0330001300228Q 011000016691615875GLEICE CRISTINE LEOCADIO                R STA GREGORIA, 213                     CIDADE DUTRA   04806030SAO PAULO      SP0000000000000000                                        000000000000                   
0330001300229P 010001001301476520130147652  0000000061281511  0000000000061281505201700000000000369900000 02N050520173000000000000000000000000000000000000000000000000000000000000000000000000000000000000000000000000006128000300000           
0330001300230Q 011000019481186881ADRIANA ALVES GOMES                     RUA CAMPO SANTO, 180 AP 24 BL2          PQ DAS NACOES  00928195SANTO ANDRE    SP0000000000000000                                        000000000000                   
0330001300231P 010001001301476520130147652  0000000061301511  0000000000061301505201700000000000485400000 02N050520173000000000000000000000000000000000000000000000000000000000000000000000000000000000000000000000000006130000300000           
0330001300232Q 011000017321179850ELAINE CRISTINA DIAS MONTEIRO           R LUCAS DE CAMARGO, 105                 VL INDUSTRIAL  03257130SAO PAULO      SP0000000000000000                                        000000000000                   
0330001300233P 010001001301476520130147652  0000000061298511  0000000000061291505201700000000000485400000 02N050520173000000000000000000000000000000000000000000000000000000000000000000000000000000000000000000000000006129000300000           
0330001300234Q 011000024829902892APARECIDA SILVA                         R SILVIO BARBINI, 212 AP 33C            ITAQUERA       08250650SAO PAULO      SP0000000000000000                                        000000000000                   
0330001300235P 010001001301476520130147652  0000000061409511  0000000000061401505201700000000000368900000 02N050520173000000000000000000000000000000000000000000000000000000000000000000000000000000000000000000000000006140000300000           
0330001300236Q 011000027527671882ANDERSON AUGUSTO DOS SANTOS             HIMALAIA 459 APTO 03                    PQ NOV ORATORIO09270430STOP ANDRE     SP0000000000000000                                        000000000000                   
0330001300237P 010001001301476520130147652  0000000062413511  0000000000062411505201700000000001148300000 02N050520173000000000000000000000000000000000000000000000000000000000000000000000000000000000000000000000000006241000300000           
0330001300238Q 011000033355198846ALINE PENHA DOS SANTOS                  RUA CUBATAO, 77                         BAETA NEVES    09760440S B CAMPO      SP0000000000000000                                        000000000000                   
0330001300239P 010001001301476520130147652  0000000061824511  0000000000061821505201700000000006153400000 02N050520173000000000000000000000000000000000000000000000000000000000000000000000000000000000000000000000000006182000300000           
0330001300240Q 011000068397836853SILVIA LUCAS P DE SOUZA                 RUA CAMPOS SALLES, 219                  VL STA TEREZINA09770190SAO B CAMPO    SP0000000000000000                                        000000000000                   
0330001300241P 010001001301476520130147652  0000000062251511  0000000000062251505201700000000003982200000 02N050520173000000000000000000000000000000000000000000000000000000000000000000000000000000000000000000000000006225000300000           
0330001300242Q 011000053708369815PERCIVAL BATISTA DE HOLANDA             R BAROEL, 83 AP 11                      CENTRO         08675000SUZANO         SP0000000000000000                                        000000000000                   
0330001300243P 010001001301476520130147652  0000000061621511  0000000000061621505201700000000008349600000 02N050520173000000000000000000000000000000000000000000000000000000000000000000000000000000000000000000000000006162000300000           
0330001300244Q 011000000380692880ANALICE MARIA T DE OLIVEIRA             R TANGER 319                            PQ N ORATORIO  09251140STO ANDRE      SP0000000000000000                                        000000000000                   
0330001300245P 010001001301476520130147652  0000000062316511  0000000000062311505201700000000001044100000 02N050520173000000000000000000000000000000000000000000000000000000000000000000000000000000000000000000000000006231000300000           
0330001300246Q 011000014683305860WANDERLEY FRANCISCO DA SILVA            R JOAQUIM ESPINOSA, 221 CASA 06         J SAO LUIZ     05812070SAO PAULO      SP0000000000000000                                        000000000000                   
0330001300247P 010001001301476520130147652  0000000061883511  0000000000061881505201700000000001769800000 02N050520173000000000000000000000000000000000000000000000000000000000000000000000000000000000000000000000000006188000300000           
0330001300248Q 011000007639006805SILVANA APARECIDA DE SOUZA              RUA JOAO MARIANO FRANCO,226             ALTO DA BOA VIS08715650MOGI DAS CRUZESSP0000000000000000                                        000000000000                   
0330001300249P 010001001301476520130147652  0000000061794511  0000000000061791505201700000000001050800000 02N050520173000000000000000000000000000000000000000000000000000000000000000000000000000000000000000000000000006179000300000           
0330001300250Q 011000001430943866MARISALVA BRITO N NASCIMENTO            R CAPIVARI, 465 CS 02                   PQ LUIZA       06816160EMBU DAS ARTES SP0000000000000000                                        000000000000                   
0330001300251P 010001001301476520130147652  0000000061573511  0000000000061571505201700000000002218600000 02N050520173000000000000000000000000000000000000000000000000000000000000000000000000000000000000000000000000006157000300000           
0330001300252Q 011000000851347835ELISABETE FERREIRA GARCIA               RUA TUPI, 160 AP 23                     CERAMICA       09530530SAO CAETANO DOLSP0000000000000000                                        000000000000                   
0330001300253P 010001001301476520130147652  0000000062065511  0000000000062061505201700000000001173000000 02N050520173000000000000000000000000000000000000000000000000000000000000000000000000000000000000000000000000006206000300000           
0330001300254Q 011000001457584867WAGNER PADUAN                           AV BENJAMIN HARRIS HUNNI,BLOCO 9 - AP42 VL RIO DE JANEI07124000GUARULHOS      SP0000000000000000                                        000000000000                   
0330001300255P 010001001301476520130147652  0000000061451511  0000000000061451505201700000000001050800000 02N050520173000000000000000000000000000000000000000000000000000000000000000000000000000000000000000000000000006145000300000           
0330001300256Q 011000099753405804ZULEIDE FERREIRA DOS SANTOS             RUA ANA MARIA TV.SAO JUDAS, 11          VL MARIANA     09780630SAO B DO CAMPO SP0000000000000000                                        000000000000                   
0330001300257P 010001001301476520130147652  0000000062022511  0000000000062021505201700000000001173000000 02N050520173000000000000000000000000000000000000000000000000000000000000000000000000000000000000000000000000006202000300000           
0330001300258Q 011000008263016819MARINA RIBEIRO AVELINO                  E ESTEVAO JORDAN, 254 AP 931            JD MONICA      05861300SAO PAULO      SP0000000000000000                                        000000000000                   
0330001300259P 010001001301476520130147652  0000000062073511  0000000000062071505201700000000002737000000 02N050520173000000000000000000000000000000000000000000000000000000000000000000000000000000000000000000000000006207000300000           
0330001300260Q 011000005320093802RENATO MATEUS DOS SANTOS                RUA ITALIA 68                           JD ORIENTAL    06033060SAO PAULO      SP0000000000000000                                        000000000000                   
0330001300261P 010001001301476520130147652  0000000062421511  0000000000062421505201700000000002386300000 02N050520173000000000000000000000000000000000000000000000000000000000000000000000000000000000000000000000000006242000300000           
0330001300262Q 011000012898603864MARCIO MELHADOS                         R WOLSTEIN, 116 A                       VL GRANADA     03623010SAO PAULO      SP0000000000000000                                        000000000000                   
0330001300263P 010001001301476520130147652  0000000062359511  0000000000062351505201700000000002737000000 02N050520173000000000000000000000000000000000000000000000000000000000000000000000000000000000000000000000000006235000300000           
0330001300264Q 011000006788635803JANE RODRIGUES RIBEIRO                  R VITORIO TAFARELLO, 54                 VL QUINTAUNA   06192150OSASCO         SP0000000000000000                                        000000000000                   
0330001300265P 010001001301476520130147652  0000000062171511  0000000000062171505201700000000001173000000 02N050520173000000000000000000000000000000000000000000000000000000000000000000000000000000000000000000000000006217000300000           
0330001300266Q 011000011445735806JOAQUIM JOSE R JUNIOR                   R JOSEPHINA LIUZZI DE MOR,BLOCO A - 310 J MARIA ROSA   06763140TABOAO DA SERRASP0000000000000000                                        000000000000                   
0330001300267P 010001001301476520130147652  0000000062138511  0000000000062131505201700000000001050800000 02N050520173000000000000000000000000000000000000000000000000000000000000000000000000000000000000000000000000006213000300000           
0330001300268Q 011000089928172820ANA IRES SANTOS SILVA                   PASSAGEM BRENO CALDAS, 27               VL CAMPO GRANDE04447025SAO PAULO      SP0000000000000000                                        000000000000                   
0330001300269P 010001001301476520130147652  0000000061506511  0000000000061501505201700000000000509200000 02N050520173000000000000000000000000000000000000000000000000000000000000000000000000000000000000000000000000006150000300000           
0330001300270Q 011000002214941894CELSO HYMALAIA DA CONCEICAO             RUAS DOS COQUEIROS, 665 AP 16           CAMPESTRE      09080010STO ANDRE      SP0000000000000000                                        000000000000                   
03300015         000272                                                                                                                                                                                                                         
03399999         000001000274                                                                                                                                                                                                                   