03300000        2049938327000106000100001201344                         UBRASP - UNIAO BRASILEIRA     Banco Santander                         104072017      000102040                                                                          
03300011R01  030 2049938327000106                    000100001201344     UBRASP - UNIAO BRASILEIRA                                                                                     0000000104072017                                         
0330001300001P 010001001301476520130147652  0000000092681511  0000000000092681507201700000000015042500000 02N040720173000000000000000000000000000000000000000000000000000000000000000000000000000000000000000000000000009268000300000           
0330001300002Q 011000009470824849MARIA IGNES GARRATA MENEZES             RUA ESTADO DE ISRAEL, 435 AP 133        VL CLEMENTINO  04022900SAO PAULO      SP0000000000000000                                        000000000000                   
0330001300003P 010001001301476520130147652  0000000092673511  0000000000092671507201700000000007416100000 02N040720173000000000000000000000000000000000000000000000000000000000000000000000000000000000000000000000000009267000300000           
0330001300004Q 011000011493008846BLANCA ELEONORA DE C C ANDRADE          R CEL OSCAR PORTO, 614 AP 05            PARAISO        04003002SAO PAULO      SP0000000000000000                                        000000000000                   
03300015         000006                                                                                                                                                                                                                         
03399999         000001000008                                                                                                                                                                                                                   