03300000        2049938327000106000100001201344                         UBRASP - UNIAO BRASILEIRA     Banco Santander                         106022017      000066040                                                                          
03300011R01  030 2049938327000106                    000100001201344     UBRASP - UNIAO BRASILEIRA                                                                                     0000000106022017                                         
0330001300001P 010001001301476520130147652  0000000049565511  0000000000049561502201700000000001054700000 02N060220173000000000000000000000000000000000000000000000000000000000000000000000000000000000000000000000000004956000300000           
0330001300002Q 011000010022645888SILVANA SANTOS DA ROCHA                 RUA BERGAL, 87                          SAO JOAO CLIMAC04240090SAO PAULO      SP0000000000000000                                        000000000000                   
0330001300003P 010001001301476520130147652  0000000050601511  0000000000050601502201700000000000171600000 02N060220173000000000000000000000000000000000000000000000000000000000000000000000000000000000000000000000000005060000300000           
0330001300004Q 011000065266668849MARIA TEREZA CANDIDO                    RUA MANGUARI, 329 BL B AP 31            VL MARIA       02167080SAO PAULO      SP0000000000000000                                        000000000000                   
0330001300005P 010001001301476520130147652  0000000049859511  0000000000049851502201700000000000515400000 02N060220173000000000000000000000000000000000000000000000000000000000000000000000000000000000000000000000000004985000300000           
0330001300006Q 011000005333681899TANIA CRISTINA BAPTISTA                 RUA 18 DE OUTUBRO, 279                  JD MARIA ESTELA04180030SAO PAULO      SP0000000000000000                                        000000000000                   
0330001300007P 010001001301476520130147652  0000000050075511  0000000000050071502201700000000003983400000 02N060220173000000000000000000000000000000000000000000000000000000000000000000000000000000000000000000000000005007000300000           
0330001300008Q 011000053507576872TANIA APARECIDA CHAGAS SOARES           R GALEAZZO ALESSI, 70 AP 162            V MONTE ALEGRE 04305050SAO PAULO      SP0000000000000000                                        000000000000                   
0330001300009P 010001001301476520130147652  0000000050547511  0000000000050541502201700000000000606400000 02N060220173000000000000000000000000000000000000000000000000000000000000000000000000000000000000000000000000005054000300000           
0330001300010Q 011000003088728865CICERO VALTER HOLANDA                   R SEURREBES , 140 A                     VL OLINDA      03380150SAO PAULO      SP0000000000000000                                        000000000000                   
0330001300011P 010001001301476520130147652  0000000049221511  0000000000049221502201700000000001026000000 02N060220173000000000000000000000000000000000000000000000000000000000000000000000000000000000000000000000000004922000300000           
0330001300012Q 011000031753805813LEANDRO BATISTA DOS SANTOS              R FRANCISCO ALVES BEZERRA, 872          JD BRASIL      02228001SAO PAULO      SP0000000000000000                                        000000000000                   
0330001300013P 010001001301476520130147652  0000000049824511  0000000000049821502201700000000002662900000 02N060220173000000000000000000000000000000000000000000000000000000000000000000000000000000000000000000000000004982000300000           
0330001300014Q 011000088788733653MARINIUZA ALVES DE ALMEIDA              R RUI DE MORAIS APOCALIPSE,312,BLOCO 20 JD DO TIRO     02842260SAO PAULO      SP0000000000000000                                        000000000000                   
0330001300015P 010001001301476520130147652  0000000049409511  0000000000049401502201700000000002813600000 02N060220173000000000000000000000000000000000000000000000000000000000000000000000000000000000000000000000000004940000300000           
0330001300016Q 011000007573271840IARA APARECIDA DE ARRUDA                R HELENA AP SECOL, 280 B 03 AP 144      JD PALERMO     09780595S B CAMPO      SP0000000000000000                                        000000000000                   
0330001300017P 010001001301476520130147652  0000000049948511  0000000000049941502201700000000001845000000 02N060220173000000000000000000000000000000000000000000000000000000000000000000000000000000000000000000000000004994000300000           
0330001300018Q 011000006348492800MARCELO CINTRA ROLIM                    RUA CARLOS DO PINHAL, 345/2002          C CEZAR        01333001SAO PAULO      SP0000000000000000                                        000000000000                   
0330001300019P 010001001301476520130147652  0000000050512511  0000000000050511502201700000000002329100000 02N060220173000000000000000000000000000000000000000000000000000000000000000000000000000000000000000000000000005051000300000           
0330001300020Q 011000009470824849MARIA IGNES GARRATA MENEZES             RUA ESTADO DE ISRAEL, 435 AP 133        VL CLEMENTINO  04022900SAO PAULO      SP0000000000000000                                        000000000000                   
0330001300021P 010001001301476520130147652  0000000050458511  0000000000050451502201700000000002718900000 02N060220173000000000000000000000000000000000000000000000000000000000000000000000000000000000000000000000000005045000300000           
0330001300022Q 011000001022673831JOSE ANTONIO DE ARAUJO                  ESTRADA DO SABAO, 1403 AP 68 BL 2       JD MARISTELA   02806000SAO PAULO      SP0000000000000000                                        000000000000                   
0330001300023P 010001001301476520130147652  0000000050041511  0000000000050041502201700000000005363100000 02N060220173000000000000000000000000000000000000000000000000000000000000000000000000000000000000000000000000005004000300000           
0330001300024Q 011000014051162850LUIZ VANDERLEI DE LIMA                  RUA MARANHAO, 111 APTO 8                STO ANTONIO    09541000SAO C SUL      SP0000000000000000                                        000000000000                   
0330001300025P 010001001301476520130147652  0000000049727511  0000000000049721502201700000000006155300000 02N060220173000000000000000000000000000000000000000000000000000000000000000000000000000000000000000000000000004972000300000           
0330001300026Q 011000087157470853NEUSA MARIA DE O B FERNANDES            RUA AMAIBA,111                          PARADA INGLESA 02307140SAO PAULO      SP0000000000000000                                        000000000000                   
0330001300027P 010001001301476520130147652  0000000050326511  0000000000050321502201700000000001845000000 02N060220173000000000000000000000000000000000000000000000000000000000000000000000000000000000000000000000000005032000300000           
0330001300028Q 011000008695983846JOAO HENRIQUE  TENORIO JUNIOR           R DR ANGELO VITA,112 APTO 154           TATUAPE        03069000SAO PAULO      SP0000000000000000                                        000000000000                   
0330001300029P 010001001301476520130147652  0000000050491511  0000000000050491502201700000000016359700000 02N060220173000000000000000000000000000000000000000000000000000000000000000000000000000000000000000000000000005049000300000           
0330001300030Q 011000075783444804MARISA APARECIDA LOPES PINTER           R ANTONIETA LEITAO, 357 AP 133          FREGUESIA DO O 02925160SAO PAULO      SP0000000000000000                                        000000000000                   
0330001300031P 010001001301476520130147652  0000000049212511  0000000000049211502201700000000000649100000 02N060220173000000000000000000000000000000000000000000000000000000000000000000000000000000000000000000000000004921000300000           
0330001300032Q 011000012526032822DULCINEIA BARBOSA GARCIA                AV ARMANDO BEI, 401 AP 44 BL 1          CI NV BONSUCESO07175000GUARULHOS      SP0000000000000000                                        000000000000                   
0330001300033P 010001001301476520130147652  0000000049786511  0000000000049781502201700000000001461100000 02N060220173000000000000000000000000000000000000000000000000000000000000000000000000000000000000000000000000004978000300000           
0330001300034Q 011000000340639865ROSALINA FATIMA SILVA SILVEIRA          AV LAZAR SEGAL, 373                     IMIRIM         02543010SAO PAULO      SP0000000000000000                                        000000000000                   
0330001300035P 010001001301476520130147652  0000000050253511  0000000000050251502201700000000000694000000 02N060220173000000000000000000000000000000000000000000000000000000000000000000000000000000000000000000000000005025000300000           
0330001300036Q 011000020393191826EMERSON JOSE FERRADOSA DE SOUZA         R ARTHUR BERNARDES 247                  VL INVERNADA   03490000SAO PAULO      SP0000000000000000                                        000000000000                   
0330001300037P 010001001301476520130147652  0000000049281511  0000000000049281502201700000000000506300000 02N060220173000000000000000000000000000000000000000000000000000000000000000000000000000000000000000000000000004928000300000           
0330001300038Q 011000013074770899MARCELO MOURA DE CAMPOS                 RUA MONSENHOR MANOEL GOMES, 261         PIRITUBA       02975120SAO PAULO      SP0000000000000000                                        000000000000                   
0330001300039P 010001001301476520130147652  0000000050431511  0000000000050431502201700000000001026000000 02N060220173000000000000000000000000000000000000000000000000000000000000000000000000000000000000000000000000005043000300000           
0330001300040Q 011000087491591868SONIA MARIA EDWIRGES                    AV NICOLAU JACINTO, 685 BL 05 AP 43     A E CARVALHO   03687010SAO PAULO      SP0000000000000000                                        000000000000                   
0330001300041P 010001001301476520130147652  0000000050318511  0000000000050311502201700000000000905600000 02N060220173000000000000000000000000000000000000000000000000000000000000000000000000000000000000000000000000005031000300000           
0330001300042Q 011000014039227808ALEXANDRA PEREIRA                       RUA BALACLAVA, 871                      J STO ALBERTO  09260440STO ANDRE      SP0000000000000000                                        000000000000                   
0330001300043P 010001001301476520130147652  0000000049451511  0000000000049451502201700000000000019200000 02N060220173000000000000000000000000000000000000000000000000000000000000000000000000000000000000000000000000004945000300000           
0330001300044Q 011000007250788809JOSIANE CAPUCHO SILVA                   RUA LATERAL, 374                        V NOVA IORQUE  03479000SAO PAULO      SP0000000000000000                                        000000000000                   
0330001300045P 010001001301476520130147652  0000000050555511  0000000000050551502201700000000009635100000 02N060220173000000000000000000000000000000000000000000000000000000000000000000000000000000000000000000000000005055000300000           
0330001300046Q 011000007612029863HERMOGENES FELIPE FILHO                 RUA PAULO LEOPES DE LEAO, 501           ITAQUERA       08210520SAO PAULO      SP0000000000000000                                        000000000000                   
0330001300047P 010001001301476520130147652  0000000049905511  0000000000049901502201700000000001766500000 02N060220173000000000000000000000000000000000000000000000000000000000000000000000000000000000000000000000000004990000300000           
0330001300048Q 011000001470170841SONIA DE OLIVEIRA B CALIXTER            RUA DAS SERINGUEIRAS, 373 AP 74         JABAQUARA      04321070SAO PAULO      SP0000000000000000                                        000000000000                   
0330001300049P 010001001301476520130147652  0000000049182511  0000000000049181502201700000000000503300000 02N060220173000000000000000000000000000000000000000000000000000000000000000000000000000000000000000000000000004918000300000           
0330001300050Q 011000034002036880VERONICA GONCALVES DOS SANTOS           R EVANGELISTA DE SOUSA, 1264 AP 02      PQ NOV ORATORIO09226410SANTO ANDRE    SP0000000000000000                                        000000000000                   
0330001300051P 010001001301476520130147652  0000000050229511  0000000000050221502201700000000000821200000 02N060220173000000000000000000000000000000000000000000000000000000000000000000000000000000000000000000000000005022000300000           
0330001300052Q 011000018309688822MARISTELA HEREDIA                       R PADRE ANTONIO DE SOUZA LIMA, 170      VL EURO        09810170S B DO CAMPO   SP0000000000000000                                        000000000000                   
0330001300053P 010001001301476520130147652  0000000049522511  0000000000049521502201700000000001460600000 02N060220173000000000000000000000000000000000000000000000000000000000000000000000000000000000000000000000000004952000300000           
0330001300054Q 011000014013454840PATRICIA REGIANE DAS NEVES              AV MOINHO FABRINE, 1262                 VL COCA        09862000S B DO CAMPO   SP0000000000000000                                        000000000000                   
0330001300055P 010001001301476520130147652  0000000049816511  0000000000049811502201700000000005419300000 02N060220173000000000000000000000000000000000000000000000000000000000000000000000000000000000000000000000000004981000300000           
0330001300056Q 011000003630357881ELY MATOS                               R MARIA MARI,88                         JD MONTE ALEGRE06755390T  DA SERRA    SP0000000000000000                                        000000000000                   
0330001300057P 010001001301476520130147652  0000000049484511  0000000000049481502201700000000002360300000 02N060220173000000000000000000000000000000000000000000000000000000000000000000000000000000000000000000000000004948000300000           
0330001300058Q 011000097590223468JACI DE SOUZA E SILVA                   R IGNACIO MANOEL ALTAMIRANO,85          JD SABIA       04856555SAO PAULO      SP0000000000000000                                        000000000000                   
0330001300059P 010001001301476520130147652  0000000049972511  0000000000049971502201700000000001845000000 02N060220173000000000000000000000000000000000000000000000000000000000000000000000000000000000000000000000000004997000300000           
0330001300060Q 011000007271790802DENISE FERNANDES FACINA                 RUA ITU, 33 AP 33 BL B                  BAETA NEVES    09751040SAO B DO CAMPO SP0000000000000000                                        000000000000                   
0330001300061P 010001001301476520130147652  0000000050211511  0000000000050211502201700000000001045100000 02N060220173000000000000000000000000000000000000000000000000000000000000000000000000000000000000000000000000005021000300000           
0330001300062Q 011000018035780840SONIA APARECIDA DOS SANTOS              R PROGRESSO, 170                        VL AURORA      09780130S B DO CAMPO   SP0000000000000000                                        000000000000                   
0330001300063P 010001001301476520130147652  0000000049352511  0000000000049351502201700000000000503300000 02N060220173000000000000000000000000000000000000000000000000000000000000000000000000000000000000000000000000004935000300000           
0330001300064Q 011000030760820864CAMILA SANTOS TEODORO                   RUA CAMPO SANTO, 379 BL 3 APTO 41       PQ DAS NACOES  09280195SANTO ANDRE    SP0000000000000000                                        000000000000                   
0330001300065P 010001001301476520130147652  0000000050377511  0000000000050371502201700000000001223200000 02N060220173000000000000000000000000000000000000000000000000000000000000000000000000000000000000000000000000005037000300000           
0330001300066Q 011000005582018816DIRCE PEREIRA SALES                     R GINGADINHO, 44 PASSAGEM D             JD SA BENTO NOV05886410SAO PAULO      SP0000000000000000                                        000000000000                   
0330001300067P 010001001301476520130147652  0000000050539511  0000000000050531502201700000000002329100000 02N060220173000000000000000000000000000000000000000000000000000000000000000000000000000000000000000000000000005053000300000           
0330001300068Q 011000005589720800EMILIA EMIRENE NOGUEIRA                 RUA LEANDRO DUPRET, 662 AP 31           VL CLEMENTINO  04025013SAO PAULO      SP0000000000000000                                        000000000000                   
0330001300069P 010001001301476520130147652  0000000050423511  0000000000050421502201700000000003188200000 02N060220173000000000000000000000000000000000000000000000000000000000000000000000000000000000000000000000000005042000300000           
0330001300070Q 011000082858195820JOAQUIM DAS CHAGAS SOARES NETO          AV CEL JOSE PIRES DE ANDRADE 646,182    VL ELISIO      04295001SAO PAULO      SP0000000000000000                                        000000000000                   
0330001300071P 010001001301476520130147652  0000000049701511  0000000000049701502201700000000003781200000 02N060220173000000000000000000000000000000000000000000000000000000000000000000000000000000000000000000000000004970000300000           
0330001300072Q 011000003338176805GEREMIAS FILOMENO DE FARIAS             ESTR DAS CABREUVAL, 280                 CH STA MARIA   06856860ITAP DA SERRA  SP0000000000000000                                        000000000000                   
0330001300073P 010001001301476520130147652  0000000049719511  0000000000049711502201700000000002784500000 02N060220173000000000000000000000000000000000000000000000000000000000000000000000000000000000000000000000000004971000300000           
0330001300074Q 011000006470787835JOSE ALTAMIRO NUNES DA SILVA            AV MARIA HELENA, 32 CASA 04             JD DINARAH     06703100COTIA          SP0000000000000000                                        000000000000                   
0330001300075P 010001001301476520130147652  0000000050504511  0000000000050501502201700000000002329100000 02N060220173000000000000000000000000000000000000000000000000000000000000000000000000000000000000000000000000005050000300000           
0330001300076Q 011000084687231853CLEUSA DE MIRANDA CAOBIANCO             R TEIXEIRA DA SILVA, 363 AP 11          PARAISO        04002031SAO PAULO      SP0000000000000000                                        000000000000                   
0330001300077P 010001001301476520130147652  0000000049913511  0000000000049911502201700000000000959900000 02N060220173000000000000000000000000000000000000000000000000000000000000000000000000000000000000000000000000004991000300000           
0330001300078Q 011000012968456806EDNA MIRANDA BARRETO SANTOS             EST DOS GUATAMBUS, 52                   ITAPECERICA SER06857820SAO PAULO      SP0000000000000000                                        000000000000                   
0330001300079P 010001001301476520130147652  0000000050407511  0000000000050401502201700000000000669100000 02N060220173000000000000000000000000000000000000000000000000000000000000000000000000000000000000000000000000005040000300000           
0330001300080Q 011000006348363821BERNADETE L DE SOUSA PASCHUETTO         RUA RUI BARBOSA,361,APTO 142 BL.1       VILA BOA VISTA 09190370SANTO ANDRE    SP0000000000000000                                        000000000000                   
0330001300081P 010001001301476520130147652  0000000049328511  0000000000049321502201700000000000649100000 02N060220173000000000000000000000000000000000000000000000000000000000000000000000000000000000000000000000000004932000300000           
0330001300082Q 011000030500537801CLAUDIA SOUSA DA SILVA                  RUA DESCALVADO, 80                      VL FRAN MATARAZ09241210STO ANDRE      SP0000000000000000                                        000000000000                   
0330001300083P 010001001301476520130147652  0000000049841511  0000000000049841502201700000000001794300000 02N060220173000000000000000000000000000000000000000000000000000000000000000000000000000000000000000000000000004984000300000           
0330001300084Q 011000010081975805EMPEDOCLES DOMINGOS DA SILVA            AV GEOVANI GRONCHI, 6675 PQ BRASIL,AP17 VLA ANDRADE    05724902SAO PAULO      SP0000000000000000                                        000000000000                   
0330001300085P 010001001301476520130147652  0000000050261511  0000000000050261502201700000000009420300000 02N060220173000000000000000000000000000000000000000000000000000000000000000000000000000000000000000000000000005026000300000           
0330001300086Q 011000006388831800FLORALICE DO CARMO N SILVA              RUA ZEUS, 224                           JD ADELINO     06702115COTIA          SP0000000000000000                                        000000000000                   
0330001300087P 010001001301476520130147652  0000000050482511  0000000000050481502201700000000002285000000 02N060220173000000000000000000000000000000000000000000000000000000000000000000000000000000000000000000000000005048000300000           
0330001300088Q 011000013997663840JANIRA CARNEIRO DA SILVA                RUA VICTORIO NATAL GASTAURO, 116        JD PALERMA     09780425SAO B DO CAMPO SP0000000000000000                                        000000000000                   
0330001300089P 010001001301476520130147652  0000000050342511  0000000000050341502201700000000002329100000 02N060220173000000000000000000000000000000000000000000000000000000000000000000000000000000000000000000000000005034000300000           
0330001300090Q 011000056186010872MARIA CECILIA ROCHA SOLERA              R PAULISTANIA, 413 AP 04                SUMAREZINHO    05440000SAO PAULO      SP0000000000000000                                        000000000000                   
0330001300091P 010001001301476520130147652  0000000049743511  0000000000049741502201700000000002963500000 02N060220173000000000000000000000000000000000000000000000000000000000000000000000000000000000000000000000000004974000300000           
0330001300092Q 011000007998259809CARLOS ALBERTO DE CAMPOS                R FERNANDO COSTA 322                    PQ GERASSI     09120305SANTO ANDRE    SP0000000000000000                                        000000000000                   
0330001300093P 010001001301476520130147652  0000000050296511  0000000000050291502201700000000001090900000 02N060220173000000000000000000000000000000000000000000000000000000000000000000000000000000000000000000000000005029000300000           
0330001300094Q 011000000383259851ELISABETE MARTINES LOPES                RUA DAS ORQUIDEAS, 239 BL 02 AP 21      VL MARCHI      09810390S B CAMPO      SP0000000000000000                                        000000000000                   
0330001300095P 010001001301476520130147652  0000000049191511  0000000000049191502201700000000001637600000 02N060220173000000000000000000000000000000000000000000000000000000000000000000000000000000000000000000000000004919000300000           
0330001300096Q 011000016173912805SILVIO CUSTODIO                         R DR CINCINATO BRAGA, 691 BL 02,54      PLANALTO       09890300SAO B DO CAMPO SP0000000000000000                                        000000000000                   
0330001300097P 010001001301476520130147652  0000000049492511  0000000000049491502201700000000001167800000 02N060220173000000000000000000000000000000000000000000000000000000000000000000000000000000000000000000000000004949000300000           
0330001300098Q 011000005530538843REGINA CELIA DA SILVA CARVALHO          EST DOUGLAS W GOMES DE ARAUJO, 35       JD BOM SUCESSO 06335140CARAPICUIBA    SP0000000000000000                                        000000000000                   
0330001300099P 010001001301476520130147652  0000000050105511  0000000000050101502201700000000000821200000 02N060220173000000000000000000000000000000000000000000000000000000000000000000000000000000000000000000000000005010000300000           
0330001300100Q 011000004410407805EDILEUZA IZABEL ZANETTI SOUSA           RUA DAS ANTAS, 10 AP 52 BL 01           SITIO ORATORIO 03978470SAO PAULO      SP0000000000000000                                        000000000000                   
0330001300101P 010001001301476520130147652  0000000049689511  0000000000049681502201700000000001845000000 02N060220173000000000000000000000000000000000000000000000000000000000000000000000000000000000000000000000000004968000300000           
0330001300102Q 011000004889769870UBALDO REGIS PEROSSI CARRADO            R RELOGIO DO SOL, 147                   LAPA           05065080SAO PAULO      SP0000000000000000                                        000000000000                   
0330001300103P 010001001301476520130147652  0000000049395511  0000000000049391502201700000000001167800000 02N060220173000000000000000000000000000000000000000000000000000000000000000000000000000000000000000000000000004939000300000           
0330001300104Q 011000008009875864ELZA FELIX DOS SANTOS                   RUA GREGORIO DE MATOS GUERRA, 76        BAIRRO CASAS   09850040SAO B DO CAMPO SP0000000000000000                                        000000000000                   
0330001300105P 010001001301476520130147652  0000000049591511  0000000000049591502201700000000000588200000 02N060220173000000000000000000000000000000000000000000000000000000000000000000000000000000000000000000000000004959000300000           
0330001300106Q 011000025999769876CLAUDIA VIEIRA MOTA                     R TELEMENEZES 117                       JD SILVINIA    09791160SAO B DO CAMPO SP0000000000000000                                        000000000000                   
0330001300107P 010001001301476520130147652  0000000050032511  0000000000050031502201700000000001045200000 02N060220173000000000000000000000000000000000000000000000000000000000000000000000000000000000000000000000000005003000300000           
0330001300108Q 011000011111111111JOSE CARLOS ALVES DA SILVA              ESTRADA SAO FRANCISCO, 1668 AP,BLOCO 02 JD ENRIQUETA   06764290TABOAO DA SERRASP0000000000000000                                        000000000000                   
0330001300109P 010001001301476520130147652  0000000049638511  0000000000049631502201700000000003115800000 02N060220173000000000000000000000000000000000000000000000000000000000000000000000000000000000000000000000000004963000300000           
0330001300110Q 011000005773898829MARIA APARECIDA MAZAIA                  TRAV ITAPOLIS, 16                       V F MATARAZZO  09240550STO ANDRE      SP0000000000000000                                        000000000000                   
0330001300111P 010001001301476520130147652  0000000050121511  0000000000050121502201700000000001167800000 02N060220173000000000000000000000000000000000000000000000000000000000000000000000000000000000000000000000000005012000300000           
0330001300112Q 011000009256803895VERA ALICE DE LIMA                      RUA GIUSEPPE ULIANI, S/N CASA 206       JD QUATRO MARIA09820160SAO B DO CAMPO SP0000000000000000                                        000000000000                   
0330001300113P 010001001301476520130147652  0000000050271511  0000000000050271502201700000000000028800000 02N060220173000000000000000000000000000000000000000000000000000000000000000000000000000000000000000000000000005027000300000           
0330001300114Q 011000003972814801MARIA CLARETE LOPES DA SILVA            R SAO SEVERO, 677                       VL RE          03666000SAO PAULO      SP0000000000000000                                        000000000000                   
0330001300115P 010001001301476520130147652  0000000049271511  0000000000049271502201700000000000535900000 02N060220173000000000000000000000000000000000000000000000000000000000000000000000000000000000000000000000000004927000300000           
0330001300116Q 011000015639490837LUCIANO DE LIMA DOS SANTOS              RUA MIGUEL GALINDO NAVARRO437 CASA7     JD ARAGUAIA    09371335MAUA           SP0000000000000000                                        000000000000                   
0330001300117P 010001001301476520130147652  0000000049247511  0000000000049241502201700000000000649200000 02N060220173000000000000000000000000000000000000000000000000000000000000000000000000000000000000000000000000004924000300000           
0330001300118Q 011000007411862843JOSELIO OLIVEIRA SANTOS                 R ANTONIO RAPOSSO BARRETO, 31 BL 04,32  JD DAS FLORES  04904170SAO PAULO      SP0000000000000000                                        000000000000                   
0330001300119P 010001001301476520130147652  0000000049654511  0000000000049651502201700000000003036300000 02N060220173000000000000000000000000000000000000000000000000000000000000000000000000000000000000000000000000004965000300000           
0330001300120Q 011000008647742818FATIMA A F GIANCATERINO                 R BRASILIO MACHADO, 173 AP62 6ANDAR     CENTRO         09715140SAO B DO CAMPO SP0000000000000000                                        000000000000                   
0330001300121P 010001001301476520130147652  0000000050385511  0000000000050381502201700000000001845000000 02N060220173000000000000000000000000000000000000000000000000000000000000000000000000000000000000000000000000005038000300000           
0330001300122Q 011000005539961854MARIA APARECIDA MALTA                   R ACUCENA, 1017                         JD DAS FLORES  06110160OSASCO         SP0000000000000000                                        000000000000                   
0330001300123P 010001001301476520130147652  0000000049646511  0000000000049641502201700000000003983400000 02N060220173000000000000000000000000000000000000000000000000000000000000000000000000000000000000000000000000004964000300000           
0330001300124Q 011000082913692834JOSE RUBENS QUADRADO                    AV BRIG MANOEL R JORDAO, 347            JD SILVEIRA    06433010BARUERI        SP0000000000000000                                        000000000000                   
0330001300125P 010001001301476520130147652  0000000049239511  0000000000049231502201700000000001620500000 02N060220173000000000000000000000000000000000000000000000000000000000000000000000000000000000000000000000000004923000300000           
0330001300126Q 011000014626502873ROSELI CRISTINA MARTINS                 AV SARA LIRLIS, 222 BL 05 AP 1001       VL GESTOMAR    09130220STO ANDRE      SP0000000000000000                                        000000000000                   
0330001300127P 010001001301476520130147652  0000000049476511  0000000000049471502201700000000002169600000 02N060220173000000000000000000000000000000000000000000000000000000000000000000000000000000000000000000000000004947000300000           
0330001300128Q 011000016102175867ANA PAULA BARBOSA SOUZA                 AV DR ALBERTO JACKSON BRI,BLOCO 04 - 24 VL MENK        06273050OSASCO         SP0000000000000000                                        000000000000                   
0330001300129P 010001001301476520130147652  0000000049166511  0000000000049161502201700000000000385600000 02N060220173000000000000000000000000000000000000000000000000000000000000000000000000000000000000000000000000004916000300000           
0330001300130Q 011000025625236879MARCELO DE OLIVEIRA BONETTI             R CARLOS MARIGUELA, 352                 JD TEREZA      02875000SAO PAULO      SP0000000000000000                                        000000000000                   
0330001300131P 010001001301476520130147652  0000000050237511  0000000000050231502201700000000004292800000 02N060220173000000000000000000000000000000000000000000000000000000000000000000000000000000000000000000000000005023000300000           
0330001300132Q 011000001121330886MARIA LUCIA DE FATIMA                   R DR.IGNACIO PROENCA DE GOUVEIA,911     CASA VERDE     02534010SAO PAULO      SP0000000000000000                                        000000000000                   
0330001300133P 010001001301476520130147652  0000000049931511  0000000000049931502201700000000001176400000 02N060220173000000000000000000000000000000000000000000000000000000000000000000000000000000000000000000000000004993000300000           
0330001300134Q 011000021442382864ADRIANA CRISTINA BOLDRIN                R PAPA PAULO VI, 200 AP 43 ED SANTO     JD IRAJA       09781250SAO B DO CAMPO SP0000000000000000                                        000000000000                   
0330001300135P 010001001301476520130147652  0000000050148511  0000000000050141502201700000000001615000000 02N060220173000000000000000000000000000000000000000000000000000000000000000000000000000000000000000000000000005014000300000           
0330001300136Q 011000009737924851VERA LOPES DA SILVA                     RUA EMILIO RIBAS,210                    VILA APIAI     09185380SANTO ANDRE    SP0000000000000000                                        000000000000                   
0330001300137P 010001001301476520130147652  0000000049697511  0000000000049691502201700000000003671000000 02N060220173000000000000000000000000000000000000000000000000000000000000000000000000000000000000000000000000004969000300000           
0330001300138Q 011000025790828833MARIA DE FATIMA A P MENDRIGO            AV JOSE ESTEVAS DE MAGALHA,BLOCO 51 - B JABAQUARA      04332050SAO PAULO      SP0000000000000000                                        000000000000                   
0330001300139P 010001001301476520130147652  0000000049573511  0000000000049571502201700000000003024700000 02N060220173000000000000000000000000000000000000000000000000000000000000000000000000000000000000000000000000004957000300000           
0330001300140Q 011000019241729848ELAINE MIRANDA ZEFERINO                 RUA PATRICIA GALVAO, 20                 POR DO SOL     09951496DIADEMA        SP0000000000000000                                        000000000000                   
0330001300141P 010001001301476520130147652  0000000050083511  0000000000050081502201700000000000798300000 02N060220173000000000000000000000000000000000000000000000000000000000000000000000000000000000000000000000000005008000300000           
0330001300142Q 011000011238251811VERA APARECIDA DAMACENO                 R MARIA JOANA ROSA , 96                 JD DE ABRIL    06040040OSASCO         SP0000000000000000                                        000000000000                   
0330001300143P 010001001301476520130147652  0000000050301511  0000000000050301502201700000000001815400000 02N060220173000000000000000000000000000000000000000000000000000000000000000000000000000000000000000000000000005030000300000           
0330001300144Q 011000008368028884CLAUDIO DOMINGUES                       ESTRADA DE ITAPECERICA, 1528 AP,BLOCO 1 ITAPECERICA    05835004ITAPEC DA SERRASP0000000000000000                                        000000000000                   
0330001300145P 010001001301476520130147652  0000000049761511  0000000000049761502201700000000001196700000 02N060220173000000000000000000000000000000000000000000000000000000000000000000000000000000000000000000000000004976000300000           
0330001300146Q 011000011963826892NADIR CRISTINA DA SILVA                 R DIOGO BOTELHO, 80                     JD ALBA CASA GR09963060DIADEMA        SP0000000000000000                                        000000000000                   
0330001300147P 010001001301476520130147652  0000000050245511  0000000000050241502201700000000001615000000 02N060220173000000000000000000000000000000000000000000000000000000000000000000000000000000000000000000000000005024000300000           
0330001300148Q 011000008209168894MARIA DE FATIMA DOS SANTOS              R NICOLAU SINGER, 27                    DEMARCHE       09820310S B CAMPO      SP0000000000000000                                        000000000000                   
0330001300149P 010001001301476520130147652  0000000050202511  0000000000050201502201700000000001045300000 02N060220173000000000000000000000000000000000000000000000000000000000000000000000000000000000000000000000000005020000300000           
0330001300150Q 011000006554238859LILIANE CRISTINE ROSA                   R JOSE PALOMINO, 53                     VILA SILVIA    03280020SAO PAULO      SP0000000000000000                                        000000000000                   
0330001300151P 010001001301476520130147652  0000000050611511  0000000000050611502201700000000012101600000 02N060220173000000000000000000000000000000000000000000000000000000000000000000000000000000000000000000000000005061000300000           
0330001300152Q 011000029020905872ELIZABETH MYRIAM TEIXEIRA DA COSTA      R APARECIDA TEODORO DE CARVALHO, 20     JACANA         02273020SAO PAULO      SP0000000000000000                                        000000000000                   
0330001300153P 010001001301476520130147652  0000000049301511  0000000000049301502201700000000002132900000 02N060220173000000000000000000000000000000000000000000000000000000000000000000000000000000000000000000000000004930000300000           
0330001300154Q 011000018476130805ED CARLOS FERREIRA LIMA                 RUA PROF ANTONIO AUFTREGE,BLOCO CS - 15 PQ STO ANTONIO 05867000SAO PAULO      SP0000000000000000                                        000000000000                   
0330001300155P 010001001301476520130147652  0000000049883511  0000000000049881502201700000000001745500000 02N060220173000000000000000000000000000000000000000000000000000000000000000000000000000000000000000000000000004988000300000           
0330001300156Q 011000005814188839SERGIO PINTO DE BARROS                  RUA BARIRI, 423 AP 07                   PQ PARAISO     06850430ITA SERRA      SP0000000000000000                                        000000000000                   
0330001300157P 010001001301476520130147652  0000000050466511  0000000000050461502201700000000002329100000 02N060220173000000000000000000000000000000000000000000000000000000000000000000000000000000000000000000000000005046000300000           
0330001300158Q 011000022266895834LEOPOLDINA DE ALMEIDA COUTO             R PRESIDENTE DUTRA, 36 AP 27            VL EUCLIDES    09725530SAO B DO CAMPO SP0000000000000000                                        000000000000                   
0330001300159P 010001001301476520130147652  0000000049204511  0000000000049201502201700000000002087200000 02N060220173000000000000000000000000000000000000000000000000000000000000000000000000000000000000000000000000004920000300000           
0330001300160Q 011000016750762867CLEITON CARLOS                          AV JOSE ODORIZZI, 2471 B8 AP 22         ASSUNCAO       09861001SAO B CAMPO    SP0000000000000000                                        000000000000                   
0330001300161P 010001001301476520130147652  0000000050369511  0000000000050361502201700000000001167800000 02N060220173000000000000000000000000000000000000000000000000000000000000000000000000000000000000000000000000005036000300000           
0330001300162Q 011000006104664881SUELI MARIA DA SILVA SA                 RUA CRISTIANO ANGELI,1596               ASSUNCAO       09812601SAO BERNARDO DOSP0000000000000000                                        000000000000                   
0330001300163P 010001001301476520130147652  0000000049387511  0000000000049381502201700000000001209600000 02N060220173000000000000000000000000000000000000000000000000000000000000000000000000000000000000000000000000004938000300000           
0330001300164Q 011000014906504825DIONISIO LEITE RIBEIRO                  R ENI ALVES SOUZA LEITE, 51             JD STA MARGARID11111111SAO PAULO      SP0000000000000000                                        000000000000                   
0330001300165P 010001001301476520130147652  0000000049671511  0000000000049671502201700000000001167800000 02N060220173000000000000000000000000000000000000000000000000000000000000000000000000000000000000000000000000004967000300000           
0330001300166Q 011000026655583861MARIA HELENA FERREIRA COSTA             R EDUARDO LOBO, 194                     PQ IMPERIAL    04302090SAO PAULO      SP0000000000000000                                        000000000000                   
0330001300167P 010001001301476520130147652  0000000049956511  0000000000049951502201700000000000694000000 02N060220173000000000000000000000000000000000000000000000000000000000000000000000000000000000000000000000000004995000300000           
0330001300168Q 011000026039111801REGIS ELOY LOPES DE OLIVEIRA            R PAPA PAULO VI, 200 AP 43              JD IRAJA       09781250SAO B DO CAMPO SP0000000000000000                                        000000000000                   
0330001300169P 010001001301476520130147652  0000000050067511  0000000000050061502201700000000001223200000 02N060220173000000000000000000000000000000000000000000000000000000000000000000000000000000000000000000000000005006000300000           
0330001300170Q 011000001154017842ZILDA MARIA DA ROCHA DE MOURA           R PROF TOMAZ DE AQUINO, 403             IPIRANGA       04118010SAO PAULO      SP0000000000000000                                        000000000000                   
0330001300171P 010001001301476520130147652  0000000050571511  0000000000050571502201700000000004018300000 02N060220173000000000000000000000000000000000000000000000000000000000000000000000000000000000000000000000000005057000300000           
0330001300172Q 011000025134977836GLORIA ALVES DE SOUZA                   R ROLANDO GAMBINI, 56                   ASSUNCAO       09811130SAO B DO CAMPO SP0000000000000000                                        000000000000                   
0330001300173P 010001001301476520130147652  0000000050199511  0000000000050191502201700000000001845000000 02N060220173000000000000000000000000000000000000000000000000000000000000000000000000000000000000000000000000005019000300000           
0330001300174Q 011000004916195884LUCIA HELENA MARTINEZ                   R FREDERICO VON MARTIUS, 255 AP 91      V MONUMENTO    01548010SAO PAULO      SP0000000000000000                                        000000000000                   
0330001300175P 010001001301476520130147652  0000000050172511  0000000000050171502201700000000001045300000 02N060220173000000000000000000000000000000000000000000000000000000000000000000000000000000000000000000000000005017000300000           
0330001300176Q 011000012522543857MARIA NOELY DE ALMEIDA SALES            R POTI, 10                              JD CRISPIM     06866180ITAP SERRA     SP0000000000000000                                        000000000000                   
0330001300177P 010001001301476520130147652  0000000049263511  0000000000049261502201700000000000385600000 02N060220173000000000000000000000000000000000000000000000000000000000000000000000000000000000000000000000000004926000300000           
0330001300178Q 011000025448572855ANA CLAUDIA DA CUNHA RIBEIRO            RUA ADOLFO, 286 AP 31B                  JD CELESTE     04195070SAO PAULO      SP0000000000000000                                        000000000000                   
0330001300179P 010001001301476520130147652  0000000049531511  0000000000049531502201700000000001398700000 02N060220173000000000000000000000000000000000000000000000000000000000000000000000000000000000000000000000000004953000300000           
0330001300180Q 011000025080704837ERICA MARSON MACHADO                    R TIRADENTES, 1933 AP 22 BL 8           STA TEREZINHA  09781220SAO B DO CAMPO SP0000000000000000                                        000000000000                   
0330001300181P 010001001301476520130147652  0000000049921511  0000000000049921502201700000000001522000000 02N060220173000000000000000000000000000000000000000000000000000000000000000000000000000000000000000000000000004992000300000           
0330001300182Q 011000025081040860FLAVIA MARTINS                          R FRANCISCO VISENTAINER,549 AP2121      ASSUNCAO       09861630SAO B DO CAMPO SP0000000000000000                                        000000000000                   
0330001300183P 010001001301476520130147652  0000000050415511  0000000000050411502201700000000001113900000 02N060220173000000000000000000000000000000000000000000000000000000000000000000000000000000000000000000000000005041000300000           
0330001300184Q 011000002890927873ROSELI RODRIGUES ALBARELLA              RUA DAS PAPOLAS, 109                    DEMARCHI       09820510SAO B DO CAMPO SP0000000000000000                                        000000000000                   
0330001300185P 010001001301476520130147652  0000000049417511  0000000000049411502201700000000002850500000 02N060220173000000000000000000000000000000000000000000000000000000000000000000000000000000000000000000000000004941000300000           
0330001300186Q 011000005354701856ADENAIDE MARINHEIRO DE LIMA             RUA LAGOINHA DE LESTE,222               JD CECI        02872060SAO PAULO      SP0000000000000000                                        000000000000                   
0330001300187P 010001001301476520130147652  0000000049557511  0000000000049551502201700000000005424900000 02N060220173000000000000000000000000000000000000000000000000000000000000000000000000000000000000000000000000004955000300000           
0330001300188Q 011000014422490800MARCOS ANTONIO TORRES                   R COLONIA LEOPOLDINA, 193 AP 14         ERM.MATARAZO   03821020SAO PAULO      SP0000000000000000                                        000000000000                   
0330001300189P 010001001301476520130147652  0000000049379511  0000000000049371502201700000000000503300000 02N060220173000000000000000000000000000000000000000000000000000000000000000000000000000000000000000000000000004937000300000           
0330001300190Q 011000028668694863ALINE ARAUJO DINIZ                      R CUZCO, 217                            JD SAULO ALBERT09260280SAO PAULO      SP0000000000000000                                        000000000000                   
0330001300191P 010001001301476520130147652  0000000050334511  0000000000050331502201700000000001019000000 02N060220173000000000000000000000000000000000000000000000000000000000000000000000000000000000000000000000000005033000300000           
0330001300192Q 011000021476970874PATRICIA DA CONCEICAO DE MELO           R GOIAS, 104                            PQ DAS FONTES  09430480RIBEIRAO PIRES SP0000000000000000                                        000000000000                   
0330001300193P 010001001301476520130147652  0000000049778511  0000000000049771502201700000000001071700000 02N060220173000000000000000000000000000000000000000000000000000000000000000000000000000000000000000000000000004977000300000           
0330001300194Q 011000014041925819MARIA DA GLORIA DE FREITAS SOUSA        RUA JOSE HENRIQUE DE ALMEIDA,45         JARDIM SILVIA  09340580MAUA           SP0000000000000000                                        000000000000                   
0330001300195P 010001001301476520130147652  0000000049158511  0000000000049151502201700000000000581000000 02N060220173000000000000000000000000000000000000000000000000000000000000000000000000000000000000000000000000004915000300000           
0330001300196Q 011000068544235700SANDRA MARIA DE SOUZA ARAUJO            R DR ZUQUIM, 472 AP 07                  SANTANA        02035020SAO PAULO      SP0000000000000000                                        000000000000                   
0330001300197P 010001001301476520130147652  0000000050016511  0000000000050011502201700000000001045200000 02N060220173000000000000000000000000000000000000000000000000000000000000000000000000000000000000000000000000005001000300000           
0330001300198Q 011000012820191800MARCIO A VIAN MOURAO                    R DR PAULO RIBEIRO COELHO, 172          RIO PEQUENO    05374000SAO PAULO      SP0000000000000000                                        000000000000                   
0330001300199P 010001001301476520130147652  0000000049867511  0000000000049861502201700000000002819700000 02N060220173000000000000000000000000000000000000000000000000000000000000000000000000000000000000000000000000004986000300000           
0330001300200Q 011000007338804877CLAUDIO DOS SANTOS SILVA                FRANCISCO SOLER, 427                    JD PIRITUBA    05143280SAO PAULO      SP0000000000000000                                        000000000000                   
0330001300201P 010001001301476520130147652  0000000050351511  0000000000050351502201700000000000875800000 02N060220173000000000000000000000000000000000000000000000000000000000000000000000000000000000000000000000000005035000300000           
0330001300202Q 011000008576038846EUNICE COSTA MEIRA MARQUES              R SAO VICENTE DE PAULO, 554 AP 81       HIGIENOPOLIS   01229010SAO PAULO      SP0000000000000000                                        000000000000                   
0330001300203P 010001001301476520130147652  0000000050164511  0000000000050161502201700000000001045100000 02N060220173000000000000000000000000000000000000000000000000000000000000000000000000000000000000000000000000005016000300000           
0330001300204Q 011000063592487515MARYLAN RODRIGUES PEREIRA SANCHES       RUA PRINCESA LEOPOLDINA, 574            ALTO DA LAPA   05081090SAO PAULO      SP0000000000000000                                        000000000000                   
0330001300205P 010001001301476520130147652  0000000050024511  0000000000050021502201700000000001202900000 02N060220173000000000000000000000000000000000000000000000000000000000000000000000000000000000000000000000000005002000300000           
0330001300206Q 011000007374465874MARIA EDNA SANTOS                       RUA SIRIOS,355                          ANCHIETA       09606100SAO B DO CAMPO SP0000000000000000                                        000000000000                   
0330001300207P 010001001301476520130147652  0000000049662511  0000000000049661502201700000000003577700000 02N060220173000000000000000000000000000000000000000000000000000000000000000000000000000000000000000000000000004966000300000           
0330001300208Q 011000010158096851ELIANA MARIA LINS                       R ITAICI, 315 AP 123                    STA TEREZINHA  02460030SAO PAULO      SP0000000000000000                                        000000000000                   
0330001300209P 010001001301476520130147652  0000000049441511  0000000000049441502201700000000009603300000 02N060220173000000000000000000000000000000000000000000000000000000000000000000000000000000000000000000000000004944000300000           
0330001300210Q 011000000166004871MARCO ANTONIO BEBEDICTO                 AV CUPECE, 6066 BL 04 AP 52             JD MIRIAM      04366001SAO PAULO      SP0000000000000000                                        000000000000                   
0330001300211P 010001001301476520130147652  0000000049751511  0000000000049751502201700000000003067800000 02N060220173000000000000000000000000000000000000000000000000000000000000000000000000000000000000000000000000004975000300000           
0330001300212Q 011000007104506802RAIMUNDO ALVES DA SILVA                 RUA MANDACARU 102                       JD NOV ESPERANC07956020FRANC. MORATO  SP0000000000000000                                        000000000000                   
0330001300213P 010001001301476520130147652  0000000049735511  0000000000049731502201700000000000686200000 02N060220173000000000000000000000000000000000000000000000000000000000000000000000000000000000000000000000000004973000300000           
0330001300214Q 011000025532185832FABIO DE LUNA REIS                      R JOSE ELIAS DE ALMEIDA, 821            JD ROBRU       08150230SAO PAULO      SP0000000000000000                                        000000000000                   
0330001300215P 010001001301476520130147652  0000000049433511  0000000000049431502201700000000001765100000 02N060220173000000000000000000000000000000000000000000000000000000000000000000000000000000000000000000000000004943000300000           
0330001300216Q 011000008887711852MARIA RITA PAULINO DO NASCIMENTO        R NOSSA SRA DOS MESES, 867 AP12,BLOCO A VL DAS MESES   04165001SAO PAULO      SP0000000000000000                                        000000000000                   
0330001300217P 010001001301476520130147652  0000000049311511  0000000000049311502201700000000000485400000 02N060220173000000000000000000000000000000000000000000000000000000000000000000000000000000000000000000000000004931000300000           
0330001300218Q 011000018556791832VALERIA DE PAULA SAADS                  RUA HERMES DE OLIVEIRA, 33              VL QUINTAUNA   06080120OSASCO         SP0000000000000000                                        000000000000                   
0330001300219P 010001001301476520130147652  0000000049999511  0000000000049991502201700000000001613100000 02N060220173000000000000000000000000000000000000000000000000000000000000000000000000000000000000000000000000004999000300000           
0330001300220Q 011000014010864893MARIA INEZ CELLA                        AV PEDRO II, 3179                       CAMPESTRE      09080111STO ANDRE      SP0000000000000000                                        000000000000                   
0330001300221P 010001001301476520130147652  0000000050156511  0000000000050151502201700000000003846600000 02N060220173000000000000000000000000000000000000000000000000000000000000000000000000000000000000000000000000005015000300000           
0330001300222Q 011000005369111855JULIO VICENTE DE SOUZA                  R DR MARINHO DE ANDRADE, 158 FUNDOS     JD JAMAICA     05743170SAO PAULO      SP0000000000000000                                        000000000000                   
0330001300223P 010001001301476520130147652  0000000049361511  0000000000049361502201700000000000485400000 02N060220173000000000000000000000000000000000000000000000000000000000000000000000000000000000000000000000000004936000300000           
0330001300224Q 011000019259245800SONIA REGINA ESTEVEM DA SILVA           R TIRADENTES, 1837 BL 02 AP 27          STA TEREZINHA  09781220SAO B DO CAMPO SP0000000000000000                                        000000000000                   
0330001300225P 010001001301476520130147652  0000000050113511  0000000000050111502201700000000002338800000 02N060220173000000000000000000000000000000000000000000000000000000000000000000000000000000000000000000000000005011000300000           
0330001300226Q 011000010705824845EDNA CRISTINA DE OLIVEIRA ELIAS         AV JOSE ODORIZZI, 2471 BL 9 AP23        PQ DOS PASSAROS09851007SAO B DO CAMPO SP0000000000000000                                        000000000000                   
0330001300227P 010001001301476520130147652  0000000050288511  0000000000050281502201700000000004689300000 02N060220173000000000000000000000000000000000000000000000000000000000000000000000000000000000000000000000000005028000300000           
0330001300228Q 011000007254933803ELIZETE CARVALHO DE ANDRADE             AL DOM PEDRO DE ALCANTARA, 584          N PETROPOLIS   09771281SAO B DO CAMPO SP0000000000000000                                        000000000000                   
0330001300229P 010001001301476520130147652  0000000049832511  0000000000049831502201700000000000567800000 02N060220173000000000000000000000000000000000000000000000000000000000000000000000000000000000000000000000000004983000300000           
0330001300230Q 011000026381725885CLEITON PODADERA BECHFLANI              R GONCALVES DIAS, 325                   JD PORTUGAL    09715160SAO B CAMPO    SP0000000000000000                                        000000000000                   
0330001300231P 010001001301476520130147652  0000000049514511  0000000000049511502201700000000001795800000 02N060220173000000000000000000000000000000000000000000000000000000000000000000000000000000000000000000000000004951000300000           
0330001300232Q 011000021777387841FABIANE RODRIGUES SARDINHA              R VICENTE DE CRANETO, 77 BL C AP31      JD STO ANTONIO 05819000SAO PAULO      SP0000000000000000                                        000000000000                   
0330001300233P 010001001301476520130147652  0000000049581511  0000000000049581502201700000000001166600000 02N060220173000000000000000000000000000000000000000000000000000000000000000000000000000000000000000000000000004958000300000           
0330001300234Q 011000009990318808RAQUEL ZAMBIANCO DE MORAES              RUA IPE 300 AP 12 BL 26,300             JD ESTRELA     09340570MAUA           SP0000000000000000                                        000000000000                   
0330001300235P 010001001301476520130147652  0000000049875511  0000000000049871502201700000000001166400000 02N060220173000000000000000000000000000000000000000000000000000000000000000000000000000000000000000000000000004987000300000           
0330001300236Q 011000011407486888RICHARD CERCHIARI                       RUA ISABEL SPINA PERELLA, 246           GUARULHOS      07031040GUARULHOS      SP0000000000000000                                        000000000000                   
0330001300237P 010001001301476520130147652  0000000049298511  0000000000049291502201700000000000845800000 02N060220173000000000000000000000000000000000000000000000000000000000000000000000000000000000000000000000000004929000300000           
0330001300238Q 011000058779388272VINICIO BELO DE SOUZA JUNIOR            R DR CINCINATO BRAGA, 691 BL 01,AP51    PLANALTO       09690300S B DO CAMPO   SP0000000000000000                                        000000000000                   
0330001300239P 010001001301476520130147652  0000000050181511  0000000000050181502201700000000012606500000 02N060220173000000000000000000000000000000000000000000000000000000000000000000000000000000000000000000000000005018000300000           
0330001300240Q 011000073801208672DARCILIA MARIA TEIXEIRA                 RUA BARRETOS 203 ANT 1109               JD ORATORIO    09381130MAUA           SP0000000000000000                                        000000000000                   
0330001300241P 010001001301476520130147652  0000000050131511  0000000000050131502201700000000001691300000 02N060220173000000000000000000000000000000000000000000000000000000000000000000000000000000000000000000000000005013000300000           
0330001300242Q 011000014209208809RENALDO ZAMBONI DE SALLES               RUA PIRATININGA, 477 BL1 AP 173         BRAS           03042001SAO PAULO      SP0000000000000000                                        000000000000                   
0330001300243P 010001001301476520130147652  0000000049891511  0000000000049891502201700000000001166600000 02N060220173000000000000000000000000000000000000000000000000000000000000000000000000000000000000000000000000004989000300000           
0330001300244Q 011000007451298892ARLETE DA SILVA                         R BARTOLOMEU DE GUSMAO, 70 AP 94,BLA    V SAO FRANCISCO09310680MAUA           SP0000000000000000                                        000000000000                   
0330001300245P 010001001301476520130147652  0000000049174511  0000000000049171502201700000000000369900000 02N060220173000000000000000000000000000000000000000000000000000000000000000000000000000000000000000000000000004917000300000           
0330001300246Q 011000016691615875GLEICE CRISTINE LEOCADIO                R STA GREGORIA, 213                     CIDADE DUTRA   04806030SAO PAULO      SP0000000000000000                                        000000000000                   
0330001300247P 010001001301476520130147652  0000000049255511  0000000000049251502201700000000000369900000 02N060220173000000000000000000000000000000000000000000000000000000000000000000000000000000000000000000000000004925000300000           
0330001300248Q 011000019481186881ADRIANA ALVES GOMES                     RUA CAMPO SANTO, 180 AP 24 BL2          PQ DAS NACOES  00928195SANTO ANDRE    SP0000000000000000                                        000000000000                   
0330001300249P 010001001301476520130147652  0000000050598511  0000000000050591502201700000000002444100000 02N060220173000000000000000000000000000000000000000000000000000000000000000000000000000000000000000000000000005059000300000           
0330001300250Q 011000094466262853TANIA REGINA E FERREIRA                 R BENEDITO SERAFIM BUENO, 68            ALVARENGA      09850780S B DO CAMPO   SP0000000000000000                                        000000000000                   
0330001300251P 010001001301476520130147652  0000000049336511  0000000000049331502201700000000000485400000 02N060220173000000000000000000000000000000000000000000000000000000000000000000000000000000000000000000000000004933000300000           
0330001300252Q 011000017321179850ELAINE CRISTINA DIAS MONTEIRO           R LUCAS DE CAMARGO, 105                 VL INDUSTRIAL  03257130SAO PAULO      SP0000000000000000                                        000000000000                   
0330001300253P 010001001301476520130147652  0000000050563511  0000000000050561502201700000000002734200000 02N060220173000000000000000000000000000000000000000000000000000000000000000000000000000000000000000000000000005056000300000           
0330001300254Q 011000024829902892APARECIDA SILVA                         R SILVIO BARBINI, 212 AP 33C            ITAQUERA       08250650SAO PAULO      SP0000000000000000                                        000000000000                   
0330001300255P 010001001301476520130147652  0000000049344511  0000000000049341502201700000000000368900000 02N060220173000000000000000000000000000000000000000000000000000000000000000000000000000000000000000000000000004934000300000           
0330001300256Q 011000027527671882ANDERSON AUGUSTO DOS SANTOS             HIMALAIA 459 APTO 03                    PQ NOV ORATORIO09270430STOP ANDRE     SP0000000000000000                                        000000000000                   
0330001300257P 010001001301476520130147652  0000000049549511  0000000000049541502201700000000001148300000 02N060220173000000000000000000000000000000000000000000000000000000000000000000000000000000000000000000000000004954000300000           
0330001300258Q 011000033355198846ALINE PENHA DOS SANTOS                  RUA CUBATAO, 77                         BAETA NEVES    09760440S B CAMPO      SP0000000000000000                                        000000000000                   
0330001300259P 010001001301476520130147652  0000000049611511  0000000000049611502201700000000006153400000 02N060220173000000000000000000000000000000000000000000000000000000000000000000000000000000000000000000000000004961000300000           
0330001300260Q 011000068397836853SILVIA LUCAS P DE SOUZA                 RUA CAMPOS SALLES, 219                  VL STA TEREZINA09770190SAO B CAMPO    SP0000000000000000                                        000000000000                   
0330001300261P 010001001301476520130147652  0000000050008511  0000000000050001502201700000000003982200000 02N060220173000000000000000000000000000000000000000000000000000000000000000000000000000000000000000000000000005000000300000           
0330001300262Q 011000053708369815PERCIVAL BATISTA DE HOLANDA             R BAROEL, 83 AP 11                      CENTRO         08675000SUZANO         SP0000000000000000                                        000000000000                   
0330001300263P 010001001301476520130147652  0000000050474511  0000000000050471502201700000000008349600000 02N060220173000000000000000000000000000000000000000000000000000000000000000000000000000000000000000000000000005047000300000           
0330001300264Q 011000000380692880ANALICE MARIA T DE OLIVEIRA             R TANGER 319                            PQ N ORATORIO  09251140STO ANDRE      SP0000000000000000                                        000000000000                   
0330001300265P 010001001301476520130147652  0000000049794511  0000000000049791502201700000000001044100000 02N060220173000000000000000000000000000000000000000000000000000000000000000000000000000000000000000000000000004979000300000           
0330001300266Q 011000014683305860WANDERLEY FRANCISCO DA SILVA            R JOAQUIM ESPINOSA, 221 CASA 06         J SAO LUIZ     05812070SAO PAULO      SP0000000000000000                                        000000000000                   
0330001300267P 010001001301476520130147652  0000000049468511  0000000000049461502201700000000001769800000 02N060220173000000000000000000000000000000000000000000000000000000000000000000000000000000000000000000000000004946000300000           
0330001300268Q 011000007639006805SILVANA APARECIDA DE SOUZA              RUA JOAO MARIANO FRANCO,226             ALTO DA BOA VIS08715650MOGI DAS CRUZESSP0000000000000000                                        000000000000                   
0330001300269P 010001001301476520130147652  0000000049808511  0000000000049801502201700000000001050800000 02N060220173000000000000000000000000000000000000000000000000000000000000000000000000000000000000000000000000004980000300000           
0330001300270Q 011000001430943866MARISALVA BRITO N NASCIMENTO            R CAPIVARI, 465 CS 02                   PQ LUIZA       06816160EMBU DAS ARTES SP0000000000000000                                        000000000000                   
0330001300271P 010001001301476520130147652  0000000049506511  0000000000049501502201700000000001173000000 02N060220173000000000000000000000000000000000000000000000000000000000000000000000000000000000000000000000000004950000300000           
0330001300272Q 011000035239174504MARIA DO CARMO DE CARVALHO              R LUIZ PINHEIRO, 61                     CI PIRITUBA    02944000SAO PAULO      SP0000000000000000                                        000000000000                   
0330001300273P 010001001301476520130147652  0000000050441511  0000000000050441502201700000000002218600000 02N060220173000000000000000000000000000000000000000000000000000000000000000000000000000000000000000000000000005044000300000           
0330001300274Q 011000000851347835ELISABETE FERREIRA GARCIA               RUA TUPI, 160 AP 23                     CERAMICA       09530530SAO CAETANO DOLSP0000000000000000                                        000000000000                   
0330001300275P 010001001301476520130147652  0000000050059511  0000000000050051502201700000000001173000000 02N060220173000000000000000000000000000000000000000000000000000000000000000000000000000000000000000000000000005005000300000           
0330001300276Q 011000001457584867WAGNER PADUAN                           AV BENJAMIN HARRIS HUNNI,BLOCO 9 - AP42 VL RIO DE JANEI07124000GUARULHOS      SP0000000000000000                                        000000000000                   
0330001300277P 010001001301476520130147652  0000000050521511  0000000000050521502201700000000001050800000 02N060220173000000000000000000000000000000000000000000000000000000000000000000000000000000000000000000000000005052000300000           
0330001300278Q 011000099753405804ZULEIDE FERREIRA DOS SANTOS             RUA ANA MARIA TV.SAO JUDAS, 11          VL MARIANA     09780630SAO B DO CAMPO SP0000000000000000                                        000000000000                   
0330001300279P 010001001301476520130147652  0000000049603511  0000000000049601502201700000000001173000000 02N060220173000000000000000000000000000000000000000000000000000000000000000000000000000000000000000000000000004960000300000           
0330001300280Q 011000008263016819MARINA RIBEIRO AVELINO                  E ESTEVAO JORDAN, 254 AP 931            JD MONICA      05861300SAO PAULO      SP0000000000000000                                        000000000000                   
0330001300281P 010001001301476520130147652  0000000049981511  0000000000049981502201700000000002737000000 02N060220173000000000000000000000000000000000000000000000000000000000000000000000000000000000000000000000000004998000300000           
0330001300282Q 011000005320093802RENATO MATEUS DOS SANTOS                RUA ITALIA 68                           JD ORIENTAL    06033060SAO PAULO      SP0000000000000000                                        000000000000                   
0330001300283P 010001001301476520130147652  0000000049964511  0000000000049961502201700000000002386300000 02N060220173000000000000000000000000000000000000000000000000000000000000000000000000000000000000000000000000004996000300000           
0330001300284Q 011000012898603864MARCIO MELHADOS                         R WOLSTEIN, 116 A                       VL GRANADA     03623010SAO PAULO      SP0000000000000000                                        000000000000                   
0330001300285P 010001001301476520130147652  0000000049621511  0000000000049621502201700000000002737000000 02N060220173000000000000000000000000000000000000000000000000000000000000000000000000000000000000000000000000004962000300000           
0330001300286Q 011000006788635803JANE RODRIGUES RIBEIRO                  R VITORIO TAFARELLO, 54                 VL QUINTAUNA   06192150OSASCO         SP0000000000000000                                        000000000000                   
0330001300287P 010001001301476520130147652  0000000050091511  0000000000050091502201700000000001173000000 02N060220173000000000000000000000000000000000000000000000000000000000000000000000000000000000000000000000000005009000300000           
0330001300288Q 011000011445735806JOAQUIM JOSE R JUNIOR                   R JOSEPHINA LIUZZI DE MOR,BLOCO A - 310 J MARIA ROSA   06763140TABOAO DA SERRASP0000000000000000                                        000000000000                   
0330001300289P 010001001301476520130147652  0000000049425511  0000000000049421502201700000000001050800000 02N060220173000000000000000000000000000000000000000000000000000000000000000000000000000000000000000000000000004942000300000           
0330001300290Q 011000089928172820ANA IRES SANTOS SILVA                   PASSAGEM BRENO CALDAS, 27               VL CAMPO GRANDE04447025SAO PAULO      SP0000000000000000                                        000000000000                   
0330001300291P 010001001301476520130147652  0000000050393511  0000000000050391502201700000000000509200000 02N060220173000000000000000000000000000000000000000000000000000000000000000000000000000000000000000000000000005039000300000           
0330001300292Q 011000002214941894CELSO HYMALAIA DA CONCEICAO             RUAS DOS COQUEIROS, 665 AP 16           CAMPESTRE      09080010STO ANDRE      SP0000000000000000                                        000000000000                   
03300015         000294                                                                                                                                                                                                                         
03399999         000001000296                                                                                                                                                                                                                   