03300000        2049938327000106000100001201344                         UBRASP - UNIAO BRASILEIRA     Banco Santander                         109112016      000004040                                                                          
03300011R01  030 2049938327000106                    000100001201344     UBRASP - UNIAO BRASILEIRA                                                                                     0000000109112016                                         
0330001300001P 010001001301476520130147652  0000000032549511  0000000000032542111201600000000001054700000 02N091120163000000000000000000000000000000000000000000000000000000000000000000000000000000000000000000000000003254000300000           
0330001300002Q 011000010022645888SILVANA SANTOS DA ROCHA                 RUA BERGAL, 87                          SAO JOAO CLIMAC04240090SAO PAULO      SP0000000000000000                                        000000000000                   
0330001300003P 010001001301476520130147652  0000000033430511  0000000000033432111201600000000014588400000 02N091120163000000000000000000000000000000000000000000000000000000000000000000000000000000000000000000000000003343000300000           
0330001300004Q 011000065266668849MARIA TEREZA CANDIDO                    RUA MANGUARI, 329 BL B AP 31            VL MARIA       02167080SAO PAULO      SP0000000000000000                                        000000000000                   
0330001300005P 010001001301476520130147652  0000000032263511  0000000000032262111201600000000000515400000 02N091120163000000000000000000000000000000000000000000000000000000000000000000000000000000000000000000000000003226000300000           
0330001300006Q 011000005333681899TANIA CRISTINA BAPTISTA                 RUA 18 DE OUTUBRO, 279                  JD MARIA ESTELA04180030SAO PAULO      SP0000000000000000                                        000000000000                   
0330001300007P 010001001301476520130147652  0000000032972511  0000000000032972111201600000000003983400000 02N091120163000000000000000000000000000000000000000000000000000000000000000000000000000000000000000000000000003297000300000           
0330001300008Q 011000053507576872TANIA APARECIDA CHAGAS SOARES           R GALEAZZO ALESSI, 70 AP 162            V MONTE ALEGRE 04305050SAO PAULO      SP0000000000000000                                        000000000000                   
0330001300009P 010001001301476520130147652  0000000033189511  0000000000033182111201600000000000606400000 02N091120163000000000000000000000000000000000000000000000000000000000000000000000000000000000000000000000000003318000300000           
0330001300010Q 011000003088728865CICERO VALTER HOLANDA                   R SEURREBES , 140 A                     VL OLINDA      03380150SAO PAULO      SP0000000000000000                                        000000000000                   
0330001300011P 010001001301476520130147652  0000000032085511  0000000000032082111201600000000001026000000 02N091120163000000000000000000000000000000000000000000000000000000000000000000000000000000000000000000000000003208000300000           
0330001300012Q 011000031753805813LEANDRO BATISTA DOS SANTOS              R FRANCISCO ALVES BEZERRA, 872          JD BRASIL      02228001SAO PAULO      SP0000000000000000                                        000000000000                   
0330001300013P 010001001301476520130147652  0000000033715511  0000000000033712111201600000000006112600000 02N091120163000000000000000000000000000000000000000000000000000000000000000000000000000000000000000000000000003371000300000           
0330001300014Q 011000003380847895GELNI MOURA DOS SANTOS                  R PROF JOAO RAMOS COSTA 151             PQ BRISTOL     04194010SAO PAULO      SP0000000000000000                                        000000000000                   
0330001300015P 010001001301476520130147652  0000000033049511  0000000000033042111201600000000002662900000 02N091120163000000000000000000000000000000000000000000000000000000000000000000000000000000000000000000000000003304000300000           
0330001300016Q 011000088788733653MARINIUZA ALVES DE ALMEIDA              R RUI DE MORAIS APOCALIPSE,312,BLOCO 20 JD DO TIRO     02842260SAO PAULO      SP0000000000000000                                        000000000000                   
0330001300017P 010001001301476520130147652  0000000032433511  0000000000032432111201600000000002813600000 02N091120163000000000000000000000000000000000000000000000000000000000000000000000000000000000000000000000000003243000300000           
0330001300018Q 011000007573271840IARA APARECIDA DE ARRUDA                R HELENA AP SECOL, 280 B 03 AP 144      JD PALERMO     09780595S B CAMPO      SP0000000000000000                                        000000000000                   
0330001300019P 010001001301476520130147652  0000000032328511  0000000000032322111201600000000001845000000 02N091120163000000000000000000000000000000000000000000000000000000000000000000000000000000000000000000000000003232000300000           
0330001300020Q 011000006348492800MARCELO CINTRA ROLIM                    RUA CARLOS DO PINHAL, 345/2002          C CEZAR        01333001SAO PAULO      SP0000000000000000                                        000000000000                   
0330001300021P 010001001301476520130147652  0000000033707511  0000000000033702111201600000000009686800000 02N091120163000000000000000000000000000000000000000000000000000000000000000000000000000000000000000000000000003370000300000           
0330001300022Q 011000081222009820DORALICE ROSA DE OLIVEIRA               RUA GUAPERUVU, 85                       VL ARICANDUVA  03504010SAO PAULO      SP0000000000000000                                        000000000000                   
0330001300023P 010001001301476520130147652  0000000033260511  0000000000033262111201600000000002329100000 02N091120163000000000000000000000000000000000000000000000000000000000000000000000000000000000000000000000000003326000300000           
0330001300024Q 011000009470824849MARIA IGNES GARRATA MENEZES             RUA ESTADO DE ISRAEL, 435 AP 133        VL CLEMENTINO  04022900SAO PAULO      SP0000000000000000                                        000000000000                   
0330001300025P 010001001301476520130147652  0000000033154511  0000000000033152111201600000000002718900000 02N091120163000000000000000000000000000000000000000000000000000000000000000000000000000000000000000000000000003315000300000           
0330001300026Q 011000001022673831JOSE ANTONIO DE ARAUJO                  ESTRADA DO SABAO, 1403 AP 68 BL 2       JD MARISTELA   02806000SAO PAULO      SP0000000000000000                                        000000000000                   
0330001300027P 010001001301476520130147652  0000000032700511  0000000000032702111201600000000005363100000 02N091120163000000000000000000000000000000000000000000000000000000000000000000000000000000000000000000000000003270000300000           
0330001300028Q 011000014051162850LUIZ VANDERLEI DE LIMA                  RUA MARANHAO, 111 APTO 8                STO ANTONIO    09541000SAO C SUL      SP0000000000000000                                        000000000000                   
0330001300029P 010001001301476520130147652  0000000033030511  0000000000033032111201600000000006155300000 02N091120163000000000000000000000000000000000000000000000000000000000000000000000000000000000000000000000000003303000300000           
0330001300030Q 011000087157470853NEUSA MARIA DE O B FERNANDES            RUA AMAIBA,111                          PARADA INGLESA 02307140SAO PAULO      SP0000000000000000                                        000000000000                   
0330001300031P 010001001301476520130147652  0000000033120511  0000000000033122111201600000000001845000000 02N091120163000000000000000000000000000000000000000000000000000000000000000000000000000000000000000000000000003312000300000           
0330001300032Q 011000008695983846JOAO HENRIQUE  TENORIO JUNIOR           R DR ANGELO VITA,112 APTO 154           TATUAPE        03069000SAO PAULO      SP0000000000000000                                        000000000000                   
0330001300033P 010001001301476520130147652  0000000032859511  0000000000032852111201600000000000019200000 02N091120163000000000000000000000000000000000000000000000000000000000000000000000000000000000000000000000000003285000300000           
0330001300034Q 011000024595253893THIAGO OLLER DE CASTRO                  R DR JOAQUIM GOMES DE SOUZA,26          BUTANTA        05596100SAO PAULO      SP0000000000000000                                        000000000000                   
0330001300035P 010001001301476520130147652  0000000033324511  0000000000033322111201600000000016359700000 02N091120163000000000000000000000000000000000000000000000000000000000000000000000000000000000000000000000000003332000300000           
0330001300036Q 011000075783444804MARISA APARECIDA LOPES PINTER           R ANTONIETA LEITAO, 357 AP 133          FREGUESIA DO O 02925160SAO PAULO      SP0000000000000000                                        000000000000                   
0330001300037P 010001001301476520130147652  0000000033529511  0000000000033522111201600000000000649100000 02N091120163000000000000000000000000000000000000000000000000000000000000000000000000000000000000000000000000003352000300000           
0330001300038Q 011000012526032822DULCINEIA BARBOSA GARCIA                AV ARMANDO BEI, 401 AP 44 BL 1          CI NV BONSUCESO07175000GUARULHOS      SP0000000000000000                                        000000000000                   
0330001300039P 010001001301476520130147652  0000000032131511  0000000000032132111201600000000001461100000 02N091120163000000000000000000000000000000000000000000000000000000000000000000000000000000000000000000000000003213000300000           
0330001300040Q 011000000340639865ROSALINA FATIMA SILVA SILVEIRA          AV LAZAR SEGAL, 373                     IMIRIM         02543010SAO PAULO      SP0000000000000000                                        000000000000                   
0330001300041P 010001001301476520130147652  0000000033197511  0000000000033192111201600000000001602500000 02N091120163000000000000000000000000000000000000000000000000000000000000000000000000000000000000000000000000003319000300000           
0330001300042Q 011000003599914834JANETE KRENTZENSTEIN                    R ROQUE DE MORAES,331 AP 11             B LIMAO        02721031SAO PAULO      SP0000000000000000                                        000000000000                   
0330001300043P 010001001301476520130147652  0000000032816511  0000000000032812111201600000000000694000000 02N091120163000000000000000000000000000000000000000000000000000000000000000000000000000000000000000000000000003281000300000           
0330001300044Q 011000020393191826EMERSON JOSE FERRADOSA DE SOUZA         R ARTHUR BERNARDES 247                  VL INVERNADA   03490000SAO PAULO      SP0000000000000000                                        000000000000                   
0330001300045P 010001001301476520130147652  0000000033510511  0000000000033512111201600000000000506300000 02N091120163000000000000000000000000000000000000000000000000000000000000000000000000000000000000000000000000003351000300000           
0330001300046Q 011000013074770899MARCELO MOURA DE CAMPOS                 RUA MONSENHOR MANOEL GOMES, 261         PIRITUBA       02975120SAO PAULO      SP0000000000000000                                        000000000000                   
0330001300047P 010001001301476520130147652  0000000033723511  0000000000033722111201600000000004671900000 02N091120163000000000000000000000000000000000000000000000000000000000000000000000000000000000000000000000000003372000300000           
0330001300048Q 011000011493008846BLANCA ELEONORA DE C C ANDRADE          R CEL OSCAR PORTO, 614 AP 05            PARAISO        04003002SAO PAULO      SP0000000000000000                                        000000000000                   
0330001300049P 010001001301476520130147652  0000000033359511  0000000000033352111201600000000001026000000 02N091120163000000000000000000000000000000000000000000000000000000000000000000000000000000000000000000000000003335000300000           
0330001300050Q 011000087491591868SONIA MARIA EDWIRGES                    AV NICOLAU JACINTO, 685 BL 05 AP 43     A E CARVALHO   03687010SAO PAULO      SP0000000000000000                                        000000000000                   
0330001300051P 010001001301476520130147652  0000000032689511  0000000000032682111201600000000000905600000 02N091120163000000000000000000000000000000000000000000000000000000000000000000000000000000000000000000000000003268000300000           
0330001300052Q 011000014039227808ALEXANDRA PEREIRA                       RUA BALACLAVA, 871                      J STO ALBERTO  09260440STO ANDRE      SP0000000000000000                                        000000000000                   
0330001300053P 010001001301476520130147652  0000000033421511  0000000000033422111201600000000009635100000 02N091120163000000000000000000000000000000000000000000000000000000000000000000000000000000000000000000000000003342000300000           
0330001300054Q 011000007612029863HERMOGENES FELIPE FILHO                 RUA PAULO LEOPES DE LEAO, 501           ITAQUERA       08210520SAO PAULO      SP0000000000000000                                        000000000000                   
0330001300055P 010001001301476520130147652  0000000032190511  0000000000032192111201600000000001766500000 02N091120163000000000000000000000000000000000000000000000000000000000000000000000000000000000000000000000000003219000300000           
0330001300056Q 011000001470170841SONIA DE OLIVEIRA B CALIXTER            RUA DAS SERINGUEIRAS, 373 AP 74         JABAQUARA      04321070SAO PAULO      SP0000000000000000                                        000000000000                   
0330001300057P 010001001301476520130147652  0000000032093511  0000000000032092111201600000000000503300000 02N091120163000000000000000000000000000000000000000000000000000000000000000000000000000000000000000000000000003209000300000           
0330001300058Q 011000034002036880VERONICA GONCALVES DOS SANTOS           R EVANGELISTA DE SOUSA, 1264 AP 02      PQ NOV ORATORIO09226410SANTO ANDRE    SP0000000000000000                                        000000000000                   
0330001300059P 010001001301476520130147652  0000000032794511  0000000000032792111201600000000000821200000 02N091120163000000000000000000000000000000000000000000000000000000000000000000000000000000000000000000000000003279000300000           
0330001300060Q 011000018309688822MARISTELA HEREDIA                       R PADRE ANTONIO DE SOUZA LIMA, 170      VL EURO        09810170S B DO CAMPO   SP0000000000000000                                        000000000000                   
0330001300061P 010001001301476520130147652  0000000032670511  0000000000032672111201600000000001460600000 02N091120163000000000000000000000000000000000000000000000000000000000000000000000000000000000000000000000000003267000300000           
0330001300062Q 011000014013454840PATRICIA REGIANE DAS NEVES              AV MOINHO FABRINE, 1262                 VL COCA        09862000S B DO CAMPO   SP0000000000000000                                        000000000000                   
0330001300063P 010001001301476520130147652  0000000032212511  0000000000032212111201600000000005419300000 02N091120163000000000000000000000000000000000000000000000000000000000000000000000000000000000000000000000000003221000300000           
0330001300064Q 011000003630357881ELY MATOS                               R MARIA MARI,88                         JD MONTE ALEGRE06755390T  DA SERRA    SP0000000000000000                                        000000000000                   
0330001300065P 010001001301476520130147652  0000000033065511  0000000000033062111201600000000002360300000 02N091120163000000000000000000000000000000000000000000000000000000000000000000000000000000000000000000000000003306000300000           
0330001300066Q 011000097590223468JACI DE SOUZA E SILVA                   R IGNACIO MANOEL ALTAMIRANO,85          JD SABIA       04856555SAO PAULO      SP0000000000000000                                        000000000000                   
0330001300067P 010001001301476520130147652  0000000032395511  0000000000032392111201600000000001845000000 02N091120163000000000000000000000000000000000000000000000000000000000000000000000000000000000000000000000000003239000300000           
0330001300068Q 011000007271790802DENISE FERNANDES FACINA                 RUA ITU, 33 AP 33 BL B                  BAETA NEVES    09751040SAO B DO CAMPO SP0000000000000000                                        000000000000                   
0330001300069P 010001001301476520130147652  0000000032786511  0000000000032782111201600000000001045100000 02N091120163000000000000000000000000000000000000000000000000000000000000000000000000000000000000000000000000003278000300000           
0330001300070Q 011000018035780840SONIA APARECIDA DOS SANTOS              R PROGRESSO, 170                        VL AURORA      09780130S B DO CAMPO   SP0000000000000000                                        000000000000                   
0330001300071P 010001001301476520130147652  0000000032077511  0000000000032072111201600000000000503300000 02N091120163000000000000000000000000000000000000000000000000000000000000000000000000000000000000000000000000003207000300000           
0330001300072Q 011000030760820864CAMILA SANTOS TEODORO                   RUA CAMPO SANTO, 379 BL 3 APTO 41       PQ DAS NACOES  09280195SANTO ANDRE    SP0000000000000000                                        000000000000                   
0330001300073P 010001001301476520130147652  0000000033219511  0000000000033212111201600000000001223200000 02N091120163000000000000000000000000000000000000000000000000000000000000000000000000000000000000000000000000003321000300000           
0330001300074Q 011000005582018816DIRCE PEREIRA SALES                     R GINGADINHO, 44 PASSAGEM D             JD SA BENTO NOV05886410SAO PAULO      SP0000000000000000                                        000000000000                   
0330001300075P 010001001301476520130147652  0000000033227511  0000000000033222111201600000000002329100000 02N091120163000000000000000000000000000000000000000000000000000000000000000000000000000000000000000000000000003322000300000           
0330001300076Q 011000005589720800EMILIA EMIRENE NOGUEIRA                 RUA LEANDRO DUPRET, 662 AP 31           VL CLEMENTINO  04025013SAO PAULO      SP0000000000000000                                        000000000000                   
0330001300077P 010001001301476520130147652  0000000033332511  0000000000033332111201600000000003188200000 02N091120163000000000000000000000000000000000000000000000000000000000000000000000000000000000000000000000000003333000300000           
0330001300078Q 011000082858195820JOAQUIM DAS CHAGAS SOARES NETO          AV CEL JOSE PIRES DE ANDRADE 646,182    VL ELISIO      04295001SAO PAULO      SP0000000000000000                                        000000000000                   
0330001300079P 010001001301476520130147652  0000000032204511  0000000000032202111201600000000003781200000 02N091120163000000000000000000000000000000000000000000000000000000000000000000000000000000000000000000000000003220000300000           
0330001300080Q 011000003338176805GEREMIAS FILOMENO DE FARIAS             ESTR DAS CABREUVAL, 280                 CH STA MARIA   06856860ITAP DA SERRA  SP0000000000000000                                        000000000000                   
0330001300081P 010001001301476520130147652  0000000032344511  0000000000032342111201600000000002784500000 02N091120163000000000000000000000000000000000000000000000000000000000000000000000000000000000000000000000000003234000300000           
0330001300082Q 011000006470787835JOSE ALTAMIRO NUNES DA SILVA            AV MARIA HELENA, 32 CASA 04             JD DINARAH     06703100COTIA          SP0000000000000000                                        000000000000                   
0330001300083P 010001001301476520130147652  0000000033340511  0000000000033342111201600000000002329100000 02N091120163000000000000000000000000000000000000000000000000000000000000000000000000000000000000000000000000003334000300000           
0330001300084Q 011000084687231853CLEUSA DE MIRANDA CAOBIANCO             R TEIXEIRA DA SILVA, 363 AP 11          PARAISO        04002031SAO PAULO      SP0000000000000000                                        000000000000                   
0330001300085P 010001001301476520130147652  0000000033650511  0000000000033652111201600000000005893300000 02N091120163000000000000000000000000000000000000000000000000000000000000000000000000000000000000000000000000003365000300000           
0330001300086Q 011000085249890849MARGARIDA DE GODOI BRAGA                R CAROLINA SOARES, 398                  LIMAO          02554000SAO PAULO      SP0000000000000000                                        000000000000                   
0330001300087P 010001001301476520130147652  0000000032654511  0000000000032652111201600000000000959900000 02N091120163000000000000000000000000000000000000000000000000000000000000000000000000000000000000000000000000003265000300000           
0330001300088Q 011000012968456806EDNA MIRANDA BARRETO SANTOS             EST DOS GUATAMBUS, 52                   ITAPECERICA SER06857820SAO PAULO      SP0000000000000000                                        000000000000                   
0330001300089P 010001001301476520130147652  0000000033243511  0000000000033242111201600000000000669100000 02N091120163000000000000000000000000000000000000000000000000000000000000000000000000000000000000000000000000003324000300000           
0330001300090Q 011000006348363821BERNADETE L DE SOUSA PASCHUETTO         R WESCESLAU RICHTER, 23 A AP 401        JD IRAJA       09781280S B DO CAMPO   SP0000000000000000                                        000000000000                   
0330001300091P 010001001301476520130147652  0000000032069511  0000000000032062111201600000000000649100000 02N091120163000000000000000000000000000000000000000000000000000000000000000000000000000000000000000000000000003206000300000           
0330001300092Q 011000030500537801CLAUDIA SOUSA DA SILVA                  RUA DESCALVADO, 80                      VL FRAN MATARAZ09241210STO ANDRE      SP0000000000000000                                        000000000000                   
0330001300093P 010001001301476520130147652  0000000032557511  0000000000032552111201600000000001794300000 02N091120163000000000000000000000000000000000000000000000000000000000000000000000000000000000000000000000000003255000300000           
0330001300094Q 011000010081975805EMPEDOCLES DOMINGOS DA SILVA            AV GEOVANI GRONCHI, 6675 PQ BRASIL,AP17 VLA ANDRADE    05724902SAO PAULO      SP0000000000000000                                        000000000000                   
0330001300095P 010001001301476520130147652  0000000032336511  0000000000032332111201600000000009420300000 02N091120163000000000000000000000000000000000000000000000000000000000000000000000000000000000000000000000000003233000300000           
0330001300096Q 011000006388831800FLORALICE DO CARMO N SILVA              RUA ZEUS, 224                           JD ADELINO     06702115COTIA          SP0000000000000000                                        000000000000                   
0330001300097P 010001001301476520130147652  0000000033286511  0000000000033282111201600000000002285000000 02N091120163000000000000000000000000000000000000000000000000000000000000000000000000000000000000000000000000003328000300000           
0330001300098Q 011000013997663840JANIRA CARNEIRO DA SILVA                RUA VICTORIO NATAL GASTAURO, 116        JD PALERMA     09780425SAO B DO CAMPO SP0000000000000000                                        000000000000                   
0330001300099P 010001001301476520130147652  0000000033316511  0000000000033312111201600000000002329100000 02N091120163000000000000000000000000000000000000000000000000000000000000000000000000000000000000000000000000003331000300000           
0330001300100Q 011000056186010872MARIA CECILIA ROCHA SOLERA              R PAULISTANIA, 413 AP 04                SUMAREZINHO    05440000SAO PAULO      SP0000000000000000                                        000000000000                   
0330001300101P 010001001301476520130147652  0000000032441511  0000000000032442111201600000000002963500000 02N091120163000000000000000000000000000000000000000000000000000000000000000000000000000000000000000000000000003244000300000           
0330001300102Q 011000007998259809CARLOS ALBERTO DE CAMPOS                R FERNANDO COSTA 322                    PQ GERASSI     09120305SANTO ANDRE    SP0000000000000000                                        000000000000                   
0330001300103P 010001001301476520130147652  0000000032140511  0000000000032142111201600000000001090900000 02N091120163000000000000000000000000000000000000000000000000000000000000000000000000000000000000000000000000003214000300000           
0330001300104Q 011000000383259851ELISABETE MARTINES LOPES                RUA DAS ORQUIDEAS, 239 BL 02 AP 21      VL MARCHI      09810390S B CAMPO      SP0000000000000000                                        000000000000                   
0330001300105P 010001001301476520130147652  0000000033472511  0000000000033472111201600000000000385600000 02N091120163000000000000000000000000000000000000000000000000000000000000000000000000000000000000000000000000003347000300000           
0330001300106Q 011000016173912805SILVIO CUSTODIO                         R DR CINCINATO BRAGA, 691 BL 02,54      PLANALTO       09890300SAO B DO CAMPO SP0000000000000000                                        000000000000                   
0330001300107P 010001001301476520130147652  0000000033588511  0000000000033582111201600000000006511700000 02N091120163000000000000000000000000000000000000000000000000000000000000000000000000000000000000000000000000003358000300000           
0330001300108Q 011000087847299887LUIZ CARLOS DE LIMA                     AV PAPA JOAO PAULO I, 6100 C 72         BONSUCESSO     07170350GUARULHOS      SP0000000000000000                                        000000000000                   
0330001300109P 010001001301476520130147652  0000000032298511  0000000000032292111201600000000001167800000 02N091120163000000000000000000000000000000000000000000000000000000000000000000000000000000000000000000000000003229000300000           
0330001300110Q 011000005530538843REGINA CELIA DA SILVA CARVALHO          EST DOUGLAS W GOMES DE ARAUJO, 35       JD BOM SUCESSO 06335140CARAPICUIBA    SP0000000000000000                                        000000000000                   
0330001300111P 010001001301476520130147652  0000000032239511  0000000000032232111201600000000000821200000 02N091120163000000000000000000000000000000000000000000000000000000000000000000000000000000000000000000000000003223000300000           
0330001300112Q 011000004410407805EDILEUZA IZABEL ZANETTI SOUSA           RUA DAS ANTAS, 10 AP 52 BL 01           SITIO ORATORIO 03978470SAO PAULO      SP0000000000000000                                        000000000000                   
0330001300113P 010001001301476520130147652  0000000032247511  0000000000032242111201600000000001845000000 02N091120163000000000000000000000000000000000000000000000000000000000000000000000000000000000000000000000000003224000300000           
0330001300114Q 011000004889769870UBALDO REGIS PEROSSI CARRADO            R RELOGIO DO SOL, 147                   LAPA           05065080SAO PAULO      SP0000000000000000                                        000000000000                   
0330001300115P 010001001301476520130147652  0000000033596511  0000000000033592111201600000000008439500000 02N091120163000000000000000000000000000000000000000000000000000000000000000000000000000000000000000000000000003359000300000           
0330001300116Q 011000003530397806IVETE GOMES ALVES REZENDE               R MARQUES DE LAJES, 1532 BL02 AP133     VL MORAES      04162900SAO PAULO      SP0000000000000000                                        000000000000                   
0330001300117P 010001001301476520130147652  0000000032450511  0000000000032452111201600000000001167800000 02N091120163000000000000000000000000000000000000000000000000000000000000000000000000000000000000000000000000003245000300000           
0330001300118Q 011000008009875864ELZA FELIX DOS SANTOS                   RUA GREGORIO DE MATOS GUERRA, 76        BAIRRO CASAS   09850040SAO B DO CAMPO SP0000000000000000                                        000000000000                   
0330001300119P 010001001301476520130147652  0000000032913511  0000000000032912111201600000000000588200000 02N091120163000000000000000000000000000000000000000000000000000000000000000000000000000000000000000000000000003291000300000           
0330001300120Q 011000025999769876CLAUDIA VIEIRA MOTA                     R TELEMENEZES 117                       JD SILVINIA    09791160SAO B DO CAMPO SP0000000000000000                                        000000000000                   
0330001300121P 010001001301476520130147652  0000000032719511  0000000000032712111201600000000001045200000 02N091120163000000000000000000000000000000000000000000000000000000000000000000000000000000000000000000000000003271000300000           
0330001300122Q 011000011111111111JOSE CARLOS ALVES DA SILVA              ESTRADA SAO FRANCISCO, 1668 AP,BLOCO 02 JD ENRIQUETA   06764290TABOAO DA SERRASP0000000000000000                                        000000000000                   
0330001300123P 010001001301476520130147652  0000000032301511  0000000000032302111201600000000003115800000 02N091120163000000000000000000000000000000000000000000000000000000000000000000000000000000000000000000000000003230000300000           
0330001300124Q 011000005773898829MARIA APARECIDA MAZAIA                  TRAV ITAPOLIS, 16                       V F MATARAZZO  09240550STO ANDRE      SP0000000000000000                                        000000000000                   
0330001300125P 010001001301476520130147652  0000000032514511  0000000000032512111201600000000001167800000 02N091120163000000000000000000000000000000000000000000000000000000000000000000000000000000000000000000000000003251000300000           
0330001300126Q 011000009256803895VERA ALICE DE LIMA                      RUA GIUSEPPE ULIANI, S/N CASA 206       JD QUATRO MARIA09820160SAO B DO CAMPO SP0000000000000000                                        000000000000                   
0330001300127P 010001001301476520130147652  0000000032220511  0000000000032222111201600000000000028800000 02N091120163000000000000000000000000000000000000000000000000000000000000000000000000000000000000000000000000003222000300000           
0330001300128Q 011000003972814801MARIA CLARETE LOPES DA SILVA            R SAO SEVERO, 677                       VL RE          03666000SAO PAULO      SP0000000000000000                                        000000000000                   
0330001300129P 010001001301476520130147652  0000000033480511  0000000000033482111201600000000000535900000 02N091120163000000000000000000000000000000000000000000000000000000000000000000000000000000000000000000000000003348000300000           
0330001300130Q 011000015639490837LUCIANO DE LIMA DOS SANTOS              RUA MIGUEL GALINDO NAVARRO437 CASA7     JD ARAGUAIA    09371335MAUA           SP0000000000000000                                        000000000000                   
0330001300131P 010001001301476520130147652  0000000033081511  0000000000033082111201600000000000649200000 02N091120163000000000000000000000000000000000000000000000000000000000000000000000000000000000000000000000000003308000300000           
0330001300132Q 011000007411862843JOSELIO OLIVEIRA SANTOS                 R ANTONIO RAPOSSO BARRETO, 31 BL 04,32  JD DAS FLORES  04904170SAO PAULO      SP0000000000000000                                        000000000000                   
0330001300133P 010001001301476520130147652  0000000032492511  0000000000032492111201600000000003036300000 02N091120163000000000000000000000000000000000000000000000000000000000000000000000000000000000000000000000000003249000300000           
0330001300134Q 011000008647742818FATIMA A F GIANCATERINO                 R BRASILIO MACHADO, 173 AP62 6ANDAR     CENTRO         09715140SAO B DO CAMPO SP0000000000000000                                        000000000000                   
0330001300135P 010001001301476520130147652  0000000033200511  0000000000033202111201600000000001845000000 02N091120163000000000000000000000000000000000000000000000000000000000000000000000000000000000000000000000000003320000300000           
0330001300136Q 011000005539961854MARIA APARECIDA MALTA                   R ACUCENA, 1017                         JD DAS FLORES  06110160OSASCO         SP0000000000000000                                        000000000000                   
0330001300137P 010001001301476520130147652  0000000033022511  0000000000033022111201600000000003983400000 02N091120163000000000000000000000000000000000000000000000000000000000000000000000000000000000000000000000000003302000300000           
0330001300138Q 011000082913692834JOSE RUBENS QUADRADO                    AV BRIG MANOEL R JORDAO, 347            JD SILVEIRA    06433010BARUERI        SP0000000000000000                                        000000000000                   
0330001300139P 010001001301476520130147652  0000000033570511  0000000000033572111201600000000002014100000 02N091120163000000000000000000000000000000000000000000000000000000000000000000000000000000000000000000000000003357000300000           
0330001300140Q 011000003860281844MARIA APARECIDA L D ALMEIDA             RUA DIOGO VAZ, 370 APTO 174             CAMBUCI        01527020SAO PAULO      SP0000000000000000                                        000000000000                   
0330001300141P 010001001301476520130147652  0000000033375511  0000000000033372111201600000000001323200000 02N091120163000000000000000000000000000000000000000000000000000000000000000000000000000000000000000000000000003337000300000           
0330001300142Q 011000014626502873ROSELI CRISTINA MARTINS                 AV SARA LIRLIS, 222 BL 05 AP 1001       VL GESTOMAR    09130220STO ANDRE      SP0000000000000000                                        000000000000                   
0330001300143P 010001001301476520130147652  0000000033693511  0000000000033692111201600000000001329500000 02N091120163000000000000000000000000000000000000000000000000000000000000000000000000000000000000000000000000003369000300000           
0330001300144Q 011000004993706863CARLOS ROBERTO TESTA                    R GAL IZIDORO DIAS LOPES, 809           VL PAULICEIA SB09687100SAO B DO CAMPO SP0000000000000000                                        000000000000                   
0330001300145P 010001001301476520130147652  0000000033014511  0000000000033012111201600000000010524100000 02N091120163000000000000000000000000000000000000000000000000000000000000000000000000000000000000000000000000003301000300000           
0330001300146Q 011000078476984804AILTON APARECIDO ROSSINI                R MIN NELSON HUNGRIA, 326 C 21          JD DO LAGO     09840670SAO B DO CAMPO SP0000000000000000                                        000000000000                   
0330001300147P 010001001301476520130147652  0000000032760511  0000000000032762111201600000000002169600000 02N091120163000000000000000000000000000000000000000000000000000000000000000000000000000000000000000000000000003276000300000           
0330001300148Q 011000016102175867ANA PAULA BARBOSA SOUZA                 AV DR ALBERTO JACKSON BRI,BLOCO 04 - 24 VL MENK        06273050OSASCO         SP0000000000000000                                        000000000000                   
0330001300149P 010001001301476520130147652  0000000032034511  0000000000032032111201600000000000385600000 02N091120163000000000000000000000000000000000000000000000000000000000000000000000000000000000000000000000000003203000300000           
0330001300150Q 011000025625236879MARCELO DE OLIVEIRA BONETTI             R CARLOS MARIGUELA, 352                 JD TEREZA      02875000SAO PAULO      SP0000000000000000                                        000000000000                   
0330001300151P 010001001301476520130147652  0000000032158511  0000000000032152111201600000000004292800000 02N091120163000000000000000000000000000000000000000000000000000000000000000000000000000000000000000000000000003215000300000           
0330001300152Q 011000001121330886MARIA LUCIA DE FATIMA                   R DR.IGNACIO PROENCA DE GOUVEIA,911     CASA VERDE     02534010SAO PAULO      SP0000000000000000                                        000000000000                   
0330001300153P 010001001301476520130147652  0000000033634511  0000000000033632111201600000000002539800000 02N091120163000000000000000000000000000000000000000000000000000000000000000000000000000000000000000000000000003363000300000           
0330001300154Q 011000024895589862SIMONE SARAVALLE                        R COLUMBIA, 983                         PD DAS NACOES  11111111STO ANDRE      SP0000000000000000                                        000000000000                   
0330001300155P 010001001301476520130147652  0000000033618511  0000000000033612111201600000000001427700000 02N091120163000000000000000000000000000000000000000000000000000000000000000000000000000000000000000000000000003361000300000           
0330001300156Q 011000076699439120MAURO SERGIO BEVILAQUA                  R VILELA, 82 AP 01                      TATUAPE        03068000SAO PAULO      SP0000000000000000                                        000000000000                   
0330001300157P 010001001301476520130147652  0000000032824511  0000000000032822111201600000000001176400000 02N091120163000000000000000000000000000000000000000000000000000000000000000000000000000000000000000000000000003282000300000           
0330001300158Q 011000021442382864ADRIANA CRISTINA BOLDRIN                R PAPA PAULO VI, 200 AP 43 ED SANTO     JD IRAJA       09781250SAO B DO CAMPO SP0000000000000000                                        000000000000                   
0330001300159P 010001001301476520130147652  0000000033600511  0000000000033602111201600000000014716000000 02N091120163000000000000000000000000000000000000000000000000000000000000000000000000000000000000000000000000003360000300000           
0330001300160Q 011000006351445817MARCOS DUBINCO                          R RIO REAL, 63                          V FORMOSA      03358100SAO PAULO      SP0000000000000000                                        000000000000                   
0330001300161P 010001001301476520130147652  0000000032522511  0000000000032522111201600000000001615000000 02N091120163000000000000000000000000000000000000000000000000000000000000000000000000000000000000000000000000003252000300000           
0330001300162Q 011000009737924851VERA LOPES DA SILVA                     R EMILIO RIBAS, 210                     L APIAL        09185380STO ANDRE      SP0000000000000000                                        000000000000                   
0330001300163P 010001001301476520130147652  0000000032905511  0000000000032902111201600000000003671000000 02N091120163000000000000000000000000000000000000000000000000000000000000000000000000000000000000000000000000003290000300000           
0330001300164Q 011000025790828833MARIA DE FATIMA A P MENDRIGO            AV JOSE ESTEVAS DE MAGALHA,BLOCO 51 - B JABAQUARA      04332050SAO PAULO      SP0000000000000000                                        000000000000                   
0330001300165P 010001001301476520130147652  0000000032808511  0000000000032802111201600000000003024700000 02N091120163000000000000000000000000000000000000000000000000000000000000000000000000000000000000000000000000003280000300000           
0330001300166Q 011000019241729848ELAINE MIRANDA ZEFERINO                 RUA PATRICIA GALVAO, 20                 POR DO SOL     09951496DIADEMA        SP0000000000000000                                        000000000000                   
0330001300167P 010001001301476520130147652  0000000032581511  0000000000032582111201600000000000798300000 02N091120163000000000000000000000000000000000000000000000000000000000000000000000000000000000000000000000000003258000300000           
0330001300168Q 011000011238251811VERA APARECIDA DAMACENO                 R MARIA JOANA ROSA , 96                 JD DE ABRIL    06040040OSASCO         SP0000000000000000                                        000000000000                   
0330001300169P 010001001301476520130147652  0000000032484511  0000000000032482111201600000000001815400000 02N091120163000000000000000000000000000000000000000000000000000000000000000000000000000000000000000000000000003248000300000           
0330001300170Q 011000008368028884CLAUDIO DOMINGUES                       ESTRADA DE ITAPECERICA, 1528 AP,BLOCO 1 ITAPECERICA    05835004ITAPEC DA SERRASP0000000000000000                                        000000000000                   
0330001300171P 010001001301476520130147652  0000000032611511  0000000000032612111201600000000001196700000 02N091120163000000000000000000000000000000000000000000000000000000000000000000000000000000000000000000000000003261000300000           
0330001300172Q 011000011963826892NADIR CRISTINA DA SILVA                 R DIOGO BOTELHO, 80                     JD ALBA CASA GR09963060DIADEMA        SP0000000000000000                                        000000000000                   
0330001300173P 010001001301476520130147652  0000000032468511  0000000000032462111201600000000001615000000 02N091120163000000000000000000000000000000000000000000000000000000000000000000000000000000000000000000000000003246000300000           
0330001300174Q 011000008209168894MARIA DE FATIMA DOS SANTOS              R NICOLAU SINGER, 27                    DEMARCHE       09820310S B CAMPO      SP0000000000000000                                        000000000000                   
0330001300175P 010001001301476520130147652  0000000032352511  0000000000032352111201600000000001045300000 02N091120163000000000000000000000000000000000000000000000000000000000000000000000000000000000000000000000000003235000300000           
0330001300176Q 011000006554238859LILIANE CRISTINE ROSA                   R JOSE PALOMINO, 53                     VILA SILVIA    03280020SAO PAULO      SP0000000000000000                                        000000000000                   
0330001300177P 010001001301476520130147652  0000000033308511  0000000000033302111201600000000002216000000 02N091120163000000000000000000000000000000000000000000000000000000000000000000000000000000000000000000000000003330000300000           
0330001300178Q 011000029020905872ELIZABETH MYRIAM TEIXEIRA DA COSTA      R APARECIDA TEODORO DE CARVALHO, 20     JACANA         02273020SAO PAULO      SP0000000000000000                                        000000000000                   
0330001300179P 010001001301476520130147652  0000000033448511  0000000000033442111201600000000002132900000 02N091120163000000000000000000000000000000000000000000000000000000000000000000000000000000000000000000000000003344000300000           
0330001300180Q 011000018476130805ED CARLOS FERREIRA LIMA                 RUA PROF ANTONIO AUFTREGE,BLOCO CS - 15 PQ STO ANTONIO 05867000SAO PAULO      SP0000000000000000                                        000000000000                   
0330001300181P 010001001301476520130147652  0000000032310511  0000000000032312111201600000000001745500000 02N091120163000000000000000000000000000000000000000000000000000000000000000000000000000000000000000000000000003231000300000           
0330001300182Q 011000005814188839SERGIO PINTO DE BARROS                  RUA BARIRI, 423 AP 07                   PQ PARAISO     06850430ITA SERRA      SP0000000000000000                                        000000000000                   
0330001300183P 010001001301476520130147652  0000000033294511  0000000000033292111201600000000002329100000 02N091120163000000000000000000000000000000000000000000000000000000000000000000000000000000000000000000000000003329000300000           
0330001300184Q 011000022266895834LEOPOLDINA DE ALMEIDA COUTO             R PRESIDENTE DUTRA, 36 AP 27            VL EUCLIDES    09725530SAO B DO CAMPO SP0000000000000000                                        000000000000                   
0330001300185P 010001001301476520130147652  0000000033456511  0000000000033452111201600000000002087200000 02N091120163000000000000000000000000000000000000000000000000000000000000000000000000000000000000000000000000003345000300000           
0330001300186Q 011000016750762867CLEITON CARLOS                          AV JOSE ODORIZZI, 2471 B8 AP 22         ASSUNCAO       09861001SAO B CAMPO    SP0000000000000000                                        000000000000                   
0330001300187P 010001001301476520130147652  0000000032743511  0000000000032742111201600000000002832000000 02N091120163000000000000000000000000000000000000000000000000000000000000000000000000000000000000000000000000003274000300000           
0330001300188Q 011000014509790848JOSE ROBERTO PIRES BARBOZA              VIELA ANTONIO MENDES SOBRINHO, 28,CS 2  JUQUITIBA      06950000SAO PAULO      SP0000000000000000                                        000000000000                   
0330001300189P 010001001301476520130147652  0000000033553511  0000000000033552111201600000000008713400000 02N091120163000000000000000000000000000000000000000000000000000000000000000000000000000000000000000000000000003355000300000           
0330001300190Q 011000032208960815MARIA APARECIDA FREITAS MARIA           R VILAR DA VEIGA, 296                   BUTANTA        05368140SAO PAULO      SP0000000000000000                                        000000000000                   
0330001300191P 010001001301476520130147652  0000000033235511  0000000000033232111201600000000001167800000 02N091120163000000000000000000000000000000000000000000000000000000000000000000000000000000000000000000000000003323000300000           
0330001300192Q 011000006104664881SUELI MARIA DA SILVA SA                 R LOURENCO DA VEIGA, 78                 PQ NEIDE       09850360SAO B DO CAMPO SP0000000000000000                                        000000000000                   
0330001300193P 010001001301476520130147652  0000000033502511  0000000000033502111201600000000001209600000 02N091120163000000000000000000000000000000000000000000000000000000000000000000000000000000000000000000000000003350000300000           
0330001300194Q 011000014906504825DIONISIO LEITE RIBEIRO                  R ENI ALVES SOUZA LEITE, 51             JD STA MARGARID11111111SAO PAULO      SP0000000000000000                                        000000000000                   
0330001300195P 010001001301476520130147652  0000000032948511  0000000000032942111201600000000001167800000 02N091120163000000000000000000000000000000000000000000000000000000000000000000000000000000000000000000000000003294000300000           
0330001300196Q 011000026655583861MARIA HELENA FERREIRA COSTA             R EDUARDO LOBO, 194                     PQ IMPERIAL    04302090SAO PAULO      SP0000000000000000                                        000000000000                   
0330001300197P 010001001301476520130147652  0000000032921511  0000000000032922111201600000000000694000000 02N091120163000000000000000000000000000000000000000000000000000000000000000000000000000000000000000000000000003292000300000           
0330001300198Q 011000026039111801REGIS ELOY LOPES DE OLIVEIRA            R PAPA PAULO VI, 200 AP 43              JD IRAJA       09781250SAO B DO CAMPO SP0000000000000000                                        000000000000                   
0330001300199P 010001001301476520130147652  0000000032166511  0000000000032162111201600000000001223200000 02N091120163000000000000000000000000000000000000000000000000000000000000000000000000000000000000000000000000003216000300000           
0330001300200Q 011000001154017842ZILDA MARIA DA ROCHA DE MOURA           R PROF TOMAZ DE AQUINO, 403             IPIRANGA       04118010SAO PAULO      SP0000000000000000                                        000000000000                   
0330001300201P 010001001301476520130147652  0000000032883511  0000000000032882111201600000000001522100000 02N091120163000000000000000000000000000000000000000000000000000000000000000000000000000000000000000000000000003288000300000           
0330001300202Q 011000025134977836GLORIA ALVES DE SOUZA                   R ROLANDO GAMBINI, 56                   ASSUNCAO       09811130SAO B DO CAMPO SP0000000000000000                                        000000000000                   
0330001300203P 010001001301476520130147652  0000000033278511  0000000000033272111201600000000001040700000 02N091120163000000000000000000000000000000000000000000000000000000000000000000000000000000000000000000000000003327000300000           
0330001300204Q 011000011971288837MARCOS APARECIDO MORGON                 R TIRADENTES, 1933 B 06 AP 14           JD IRAJA       09781220SAO B DO CAMPO SP0000000000000000                                        000000000000                   
0330001300205P 010001001301476520130147652  0000000033073511  0000000000033072111201600000000001845000000 02N091120163000000000000000000000000000000000000000000000000000000000000000000000000000000000000000000000000003307000300000           
0330001300206Q 011000004916195884LUCIA HELENA MARTINEZ                   R FREDERICO VON MARTIUS, 255 AP 91      V MONUMENTO    01548010SAO PAULO      SP0000000000000000                                        000000000000                   
0330001300207P 010001001301476520130147652  0000000032620511  0000000000032622111201600000000001045300000 02N091120163000000000000000000000000000000000000000000000000000000000000000000000000000000000000000000000000003262000300000           
0330001300208Q 011000012522543857MARIA NOELY DE ALMEIDA SALES            R POTI, 10                              JD CRISPIM     06866180ITAP SERRA     SP0000000000000000                                        000000000000                   
0330001300209P 010001001301476520130147652  0000000032026511  0000000000032022111201600000000000385600000 02N091120163000000000000000000000000000000000000000000000000000000000000000000000000000000000000000000000000003202000300000           
0330001300210Q 011000025448572855ANA CLAUDIA DA CUNHA RIBEIRO            RUA ADOLFO, 286 AP 31B                  JD CELESTE     04195070SAO PAULO      SP0000000000000000                                        000000000000                   
0330001300211P 010001001301476520130147652  0000000032778511  0000000000032772111201600000000002332600000 02N091120163000000000000000000000000000000000000000000000000000000000000000000000000000000000000000000000000003277000300000           
0330001300212Q 011000017858866818VALQUIRIA APARECIDA DA SILVA            RUA VITORIO CHIAROTT, 203               JD MAUA        09340350MAUA           SP0000000000000000                                        000000000000                   
0330001300213P 010001001301476520130147652  0000000032867511  0000000000032862111201600000000001398700000 02N091120163000000000000000000000000000000000000000000000000000000000000000000000000000000000000000000000000003286000300000           
0330001300214Q 011000025080704837ERICA MARSON MACHADO                    R TIRADENTES, 1933 AP 22 BL 8           STA TEREZINHA  09781220SAO B DO CAMPO SP0000000000000000                                        000000000000                   
0330001300215P 010001001301476520130147652  0000000032875511  0000000000032872111201600000000001522000000 02N091120163000000000000000000000000000000000000000000000000000000000000000000000000000000000000000000000000003287000300000           
0330001300216Q 011000025081040860FLAVIA MARTINS                          R FRANCISCO VISENTAINER,549 AP2121      ASSUNCAO       09861630SAO B DO CAMPO SP0000000000000000                                        000000000000                   
0330001300217P 010001001301476520130147652  0000000033170511  0000000000033172111201600000000001113900000 02N091120163000000000000000000000000000000000000000000000000000000000000000000000000000000000000000000000000003317000300000           
0330001300218Q 011000002890927873ROSELI RODRIGUES ALBARELLA              RUA DAS PAPOLAS, 109                    DEMARCHI       09820510SAO B DO CAMPO SP0000000000000000                                        000000000000                   
0330001300219P 010001001301476520130147652  0000000032271511  0000000000032272111201600000000002850500000 02N091120163000000000000000000000000000000000000000000000000000000000000000000000000000000000000000000000000003227000300000           
0330001300220Q 011000005354701856ADENAIDE MARINHEIRO DE LIMA             RUA LAGOINHA DE LESTE,222               JD CECI        02872060SAO PAULO      SP0000000000000000                                        000000000000                   
0330001300221P 010001001301476520130147652  0000000032735511  0000000000032732111201600000000005424900000 02N091120163000000000000000000000000000000000000000000000000000000000000000000000000000000000000000000000000003273000300000           
0330001300222Q 011000014422490800MARCOS ANTONIO TORRES                   R COLONIA LEOPOLDINA, 193 AP 14         ERM.MATARAZO   03821020SAO PAULO      SP0000000000000000                                        000000000000                   
0330001300223P 010001001301476520130147652  0000000032050511  0000000000032052111201600000000000503300000 02N091120163000000000000000000000000000000000000000000000000000000000000000000000000000000000000000000000000003205000300000           
0330001300224Q 011000028668694863ALINE ARAUJO DINIZ                      R CUZCO, 217                            JD SAULO ALBERT09260280SAO PAULO      SP0000000000000000                                        000000000000                   
0330001300225P 010001001301476520130147652  0000000032832511  0000000000032832111201600000000000694000000 02N091120163000000000000000000000000000000000000000000000000000000000000000000000000000000000000000000000000003283000300000           
0330001300226Q 011000021476970874PATRICIA DA CONCEICAO DE MELO           R GOIAS, 104                            PQ DAS FONTES  09430480RIBEIRAO PIRES SP0000000000000000                                        000000000000                   
0330001300227P 010001001301476520130147652  0000000032697511  0000000000032692111201600000000001071700000 02N091120163000000000000000000000000000000000000000000000000000000000000000000000000000000000000000000000000003269000300000           
0330001300228Q 011000014041925819MARIA DA GLORIA DE FREITAS SOUSA        R JOSE HENRIQUE DE ALMEIDA, 45          VL SAO JOAO    09340580MAUA           SP0000000000000000                                        000000000000                   
0330001300229P 010001001301476520130147652  0000000032115511  0000000000032112111201600000000000581000000 02N091120163000000000000000000000000000000000000000000000000000000000000000000000000000000000000000000000000003211000300000           
0330001300230Q 011000068544235700SANDRA MARIA DE SOUZA ARAUJO            R DR ZUQUIM, 472 AP 07                  SANTANA        02035020SAO PAULO      SP0000000000000000                                        000000000000                   
0330001300231P 010001001301476520130147652  0000000032638511  0000000000032632111201600000000001045200000 02N091120163000000000000000000000000000000000000000000000000000000000000000000000000000000000000000000000000003263000300000           
0330001300232Q 011000012820191800MARCIO A VIAN MOURAO                    R DR PAULO RIBEIRO COELHO, 172          RIO PEQUENO    05374000SAO PAULO      SP0000000000000000                                        000000000000                   
0330001300233P 010001001301476520130147652  0000000032409511  0000000000032402111201600000000002819700000 02N091120163000000000000000000000000000000000000000000000000000000000000000000000000000000000000000000000000003240000300000           
0330001300234Q 011000007338804877CLAUDIO DOS SANTOS SILVA                FRANCISCO SOLER, 427                    JD PIRITUBA    05143280SAO PAULO      SP0000000000000000                                        000000000000                   
0330001300235P 010001001301476520130147652  0000000033251511  0000000000033252111201600000000009469200000 02N091120163000000000000000000000000000000000000000000000000000000000000000000000000000000000000000000000000003325000300000           
0330001300236Q 011000008576038846EUNICE COSTA MEIRA MARQUES              R SAO VICENTE DE PAULO, 554 AP 81       HIGIENOPOLIS   01229010SAO PAULO      SP0000000000000000                                        000000000000                   
0330001300237P 010001001301476520130147652  0000000033413511  0000000000033412111201600000000020374400000 02N091120163000000000000000000000000000000000000000000000000000000000000000000000000000000000000000000000000003341000300000           
0330001300238Q 011000006947272882MARCIA MARINO VILLA HUTTERER            RUA CAMPOS SALES, 257 APTO 12           CENTRO         09030200STO ANDRE      SP0000000000000000                                        000000000000                   
0330001300239P 010001001301476520130147652  0000000032999511  0000000000032992111201600000000001045100000 02N091120163000000000000000000000000000000000000000000000000000000000000000000000000000000000000000000000000003299000300000           
0330001300240Q 011000063592487515MARYLAN RODRIGUES PEREIRA SANCHES       RUA PRINCESA LEOPOLDINA, 574            ALTO DA LAPA   05081090SAO PAULO      SP0000000000000000                                        000000000000                   
0330001300241P 010001001301476520130147652  0000000033731511  0000000000033732111201600000000001244100000 02N091120163000000000000000000000000000000000000000000000000000000000000000000000000000000000000000000000000003373000300000           
0330001300242Q 011000005752012821DALVA DE OLIVEIRA PEIXOTO               R BARTOLOMEU DE TOLARES, 56 AP 12       VL MAZZEI      02310020SAO PAULO      SP0000000000000000                                        000000000000                   
0330001300243P 010001001301476520130147652  0000000032417511  0000000000032412111201600000000001202900000 02N091120163000000000000000000000000000000000000000000000000000000000000000000000000000000000000000000000000003241000300000           
0330001300244Q 011000007374465874MARIA EDNA SANTOS                       RUA SIRIOS,355                          ANCHIETA       09606100SAO B DO CAMPO SP0000000000000000                                        000000000000                   
0330001300245P 010001001301476520130147652  0000000032565511  0000000000032562111201600000000003577700000 02N091120163000000000000000000000000000000000000000000000000000000000000000000000000000000000000000000000000003256000300000           
0330001300246Q 011000010158096851ELIANA MARIA LINS                       R ITAICI, 315 AP 123                    STA TEREZINHA  02460030SAO PAULO      SP0000000000000000                                        000000000000                   
0330001300247P 010001001301476520130147652  0000000032379511  0000000000032372111201600000000002022400000 02N091120163000000000000000000000000000000000000000000000000000000000000000000000000000000000000000000000000003237000300000           
0330001300248Q 011000007104506802RAIMUNDO ALVES DA SILVA                 RUA MANDACARU 102                       JD NOV ESPERANC07956020FRANC. MORATO  SP0000000000000000                                        000000000000                   
0330001300249P 010001001301476520130147652  0000000032891511  0000000000032892111201600000000000686200000 02N091120163000000000000000000000000000000000000000000000000000000000000000000000000000000000000000000000000003289000300000           
0330001300250Q 011000025532185832FABIO DE LUNA REIS                      R JOSE ELIAS DE ALMEIDA, 821            JD ROBRU       08150230SAO PAULO      SP0000000000000000                                        000000000000                   
0330001300251P 010001001301476520130147652  0000000032506511  0000000000032502111201600000000001765100000 02N091120163000000000000000000000000000000000000000000000000000000000000000000000000000000000000000000000000003250000300000           
0330001300252Q 011000008887711852MARIA RITA PAULINO DO NASCIMENTO        R NOSSA SRA DOS MESES, 867 AP12,BLOCO A VL DAS MESES   04165001SAO PAULO      SP0000000000000000                                        000000000000                   
0330001300253P 010001001301476520130147652  0000000033537511  0000000000033532111201600000000003616500000 02N091120163000000000000000000000000000000000000000000000000000000000000000000000000000000000000000000000000003353000300000           
0330001300254Q 011000008446035898ROBERTO CARLOS DIAS PEDROSO             RUA NESTOR HOMEM DE MELLO, 260          CAMPO LIMPO    05758160SAO PAULO      SP0000000000000000                                        000000000000                   
0330001300255P 010001001301476520130147652  0000000032123511  0000000000032122111201600000000000485400000 02N091120163000000000000000000000000000000000000000000000000000000000000000000000000000000000000000000000000003212000300000           
0330001300256Q 011000018556791832VALERIA DE PAULA SAADS                  RUA HERMES DE OLIVEIRA, 33              VL QUINTAUNA   06080120OSASCO         SP0000000000000000                                        000000000000                   
0330001300257P 010001001301476520130147652  0000000032662511  0000000000032662111201600000000001613100000 02N091120163000000000000000000000000000000000000000000000000000000000000000000000000000000000000000000000000003266000300000           
0330001300258Q 011000014010864893MARIA INEZ CELLA                        AV PEDRO II, 3179                       CAMPESTRE      09080111STO ANDRE      SP0000000000000000                                        000000000000                   
0330001300259P 010001001301476520130147652  0000000032280511  0000000000032282111201600000000003846600000 02N091120163000000000000000000000000000000000000000000000000000000000000000000000000000000000000000000000000003228000300000           
0330001300260Q 011000005369111855JULIO VICENTE DE SOUZA                  R DR MARINHO DE ANDRADE, 158 FUNDOS     JD JAMAICA     05743170SAO PAULO      SP0000000000000000                                        000000000000                   
0330001300261P 010001001301476520130147652  0000000033642511  0000000000033642111201600000000002169700000 02N091120163000000000000000000000000000000000000000000000000000000000000000000000000000000000000000000000000003364000300000           
0330001300262Q 011000008344782856ROSEMEIRE F BARBOSA DAS NEVES           R PARANAUBES 330                        VL CALIFORNIA  03216010SAO PAULO      SP0000000000000000                                        000000000000                   
0330001300263P 010001001301476520130147652  0000000033383511  0000000000033382111201600000000000485400000 02N091120163000000000000000000000000000000000000000000000000000000000000000000000000000000000000000000000000003338000300000           
0330001300264Q 011000019259245800SONIA REGINA ESTEVEM DA SILVA           R TIRADENTES, 1837 BL 02 AP 27          STA TEREZINHA  09781220SAO B DO CAMPO SP0000000000000000                                        000000000000                   
0330001300265P 010001001301476520130147652  0000000032573511  0000000000032572111201600000000002338800000 02N091120163000000000000000000000000000000000000000000000000000000000000000000000000000000000000000000000000003257000300000           
0330001300266Q 011000010705824845EDNA CRISTINA DE OLIVEIRA ELIAS         AV JOSE ODORIZZI, 2471 BL 9 AP23        PQ DOS PASSAROS09851007SAO B DO CAMPO SP0000000000000000                                        000000000000                   
0330001300267P 010001001301476520130147652  0000000032387511  0000000000032382111201600000000004689300000 02N091120163000000000000000000000000000000000000000000000000000000000000000000000000000000000000000000000000003238000300000           
0330001300268Q 011000007254933803ELIZETE CARVALHO DE ANDRADE             AL DOM PEDRO DE ALCANTARA, 584          N PETROPOLIS   09771281SAO B DO CAMPO SP0000000000000000                                        000000000000                   
0330001300269P 010001001301476520130147652  0000000032930511  0000000000032932111201600000000000567800000 02N091120163000000000000000000000000000000000000000000000000000000000000000000000000000000000000000000000000003293000300000           
0330001300270Q 011000026381725885CLEITON PODADERA BECHFLANI              R GONCALVES DIAS, 325                   JD PORTUGAL    09715160SAO B CAMPO    SP0000000000000000                                        000000000000                   
0330001300271P 010001001301476520130147652  0000000032840511  0000000000032842111201600000000001795800000 02N091120163000000000000000000000000000000000000000000000000000000000000000000000000000000000000000000000000003284000300000           
0330001300272Q 011000021777387841FABIANE RODRIGUES SARDINHA              R VICENTE DE CRANETO, 77 BL C AP31      JD STO ANTONIO 05819000SAO PAULO      SP0000000000000000                                        000000000000                   
0330001300273P 010001001301476520130147652  0000000032530511  0000000000032532111201600000000001166600000 02N091120163000000000000000000000000000000000000000000000000000000000000000000000000000000000000000000000000003253000300000           
0330001300274Q 011000009990318808RAQUEL ZAMBIANCO DE MORAES              RUA IPE 300 AP 12 BL 26                 JS SILVIA      09340570MAUA           SP0000000000000000                                        000000000000                   
0330001300275P 010001001301476520130147652  0000000032590511  0000000000032592111201600000000001166400000 02N091120163000000000000000000000000000000000000000000000000000000000000000000000000000000000000000000000000003259000300000           
0330001300276Q 011000011407486888RICHARD CERCHIARI                       RUA ISABEL SPINA PERELLA, 246           GUARULHOS      07031040GUARULHOS      SP0000000000000000                                        000000000000                   
0330001300277P 010001001301476520130147652  0000000032107511  0000000000032102111201600000000000845800000 02N091120163000000000000000000000000000000000000000000000000000000000000000000000000000000000000000000000000003210000300000           
0330001300278Q 011000058779388272VINICIO BELO DE SOUZA JUNIOR            R DR CINCINATO BRAGA, 691 BL 01,AP51    PLANALTO       09690300S B DO CAMPO   SP0000000000000000                                        000000000000                   
0330001300279P 010001001301476520130147652  0000000033111511  0000000000033112111201600000000012606500000 02N091120163000000000000000000000000000000000000000000000000000000000000000000000000000000000000000000000000003311000300000           
0330001300280Q 011000073801208672DARCILIA MARIA TEIXEIRA                 RUA BARRETOS 203 ANT 1109               JD ORATORIO    09381130MAUA           SP0000000000000000                                        000000000000                   
0330001300281P 010001001301476520130147652  0000000032727511  0000000000032722111201600000000001691300000 02N091120163000000000000000000000000000000000000000000000000000000000000000000000000000000000000000000000000003272000300000           
0330001300282Q 011000014209208809RENALDO ZAMBONI DE SALLES               RUA PIRATININGA, 477 BL1 AP 173         BRAS           03042001SAO PAULO      SP0000000000000000                                        000000000000                   
0330001300283P 010001001301476520130147652  0000000032425511  0000000000032422111201600000000001166600000 02N091120163000000000000000000000000000000000000000000000000000000000000000000000000000000000000000000000000003242000300000           
0330001300284Q 011000007451298892ARLETE DA SILVA                         R BARTOLOMEU DE GUSMAO, 70 AP 94,BLA    V SAO FRANCISCO09310680MAUA           SP0000000000000000                                        000000000000                   
0330001300285P 010001001301476520130147652  0000000033499511  0000000000033492111201600000000000369900000 02N091120163000000000000000000000000000000000000000000000000000000000000000000000000000000000000000000000000003349000300000           
0330001300286Q 011000016691615875GLEICE CRISTINE LEOCADIO                R STA GREGORIA, 213                     CIDADE DUTRA   04806030SAO PAULO      SP0000000000000000                                        000000000000                   
0330001300287P 010001001301476520130147652  0000000033391511  0000000000033392111201600000000000369900000 02N091120163000000000000000000000000000000000000000000000000000000000000000000000000000000000000000000000000003339000300000           
0330001300288Q 011000019481186881ADRIANA ALVES GOMES                     RUA CAMPO SANTO, 180 AP 24 BL2          PQ DAS NACOES  00928195SANTO ANDRE    SP0000000000000000                                        000000000000                   
0330001300289P 010001001301476520130147652  0000000033090511  0000000000033092111201600000000000911200000 02N091120163000000000000000000000000000000000000000000000000000000000000000000000000000000000000000000000000003309000300000           
0330001300290Q 011000094466262853TANIA REGINA E FERREIRA                 R BENEDITO SERAFIM BUENO, 68            ALVARENGA      09850780S B DO CAMPO   SP0000000000000000                                        000000000000                   
0330001300291P 010001001301476520130147652  0000000033464511  0000000000033462111201600000000000485400000 02N091120163000000000000000000000000000000000000000000000000000000000000000000000000000000000000000000000000003346000300000           
0330001300292Q 011000017321179850ELAINE CRISTINA DIAS MONTEIRO           R LUCAS DE CAMARGO, 105                 VL INDUSTRIAL  03257130SAO PAULO      SP0000000000000000                                        000000000000                   
0330001300293P 010001001301476520130147652  0000000033103511  0000000000033102111201600000000000485400000 02N091120163000000000000000000000000000000000000000000000000000000000000000000000000000000000000000000000000003310000300000           
0330001300294Q 011000024829902892APARECIDA SILVA                         R SILVIO BARBINI, 212 AP 33C            ITAQUERA       08250650SAO PAULO      SP0000000000000000                                        000000000000                   
0330001300295P 010001001301476520130147652  0000000032042511  0000000000032042111201600000000000369900000 02N091120163000000000000000000000000000000000000000000000000000000000000000000000000000000000000000000000000003204000300000           
0330001300296Q 011000027527671882ANDERSON AUGUSTO DOS SANTOS             HIMALAIA 459 APTO 03                    PQ NOV ORATORIO09270430STOP ANDRE     SP0000000000000000                                        000000000000                   
0330001300297P 010001001301476520130147652  0000000032956511  0000000000032952111201600000000001148300000 02N091120163000000000000000000000000000000000000000000000000000000000000000000000000000000000000000000000000003295000300000           
0330001300298Q 011000033355198846ALINE PENHA DOS SANTOS                  RUA CUBATAO, 77                         BAETA NEVES    09760440S B CAMPO      SP0000000000000000                                        000000000000                   
0330001300299P 010001001301476520130147652  0000000033006511  0000000000033002111201600000000006153400000 02N091120163000000000000000000000000000000000000000000000000000000000000000000000000000000000000000000000000003300000300000           
0330001300300Q 011000068397836853SILVIA LUCAS P DE SOUZA                 RUA CAMPOS SALLES, 219                  VL STA TEREZINA09770190SAO B CAMPO    SP0000000000000000                                        000000000000                   
0330001300301P 010001001301476520130147652  0000000032980511  0000000000032982111201600000000003982200000 02N091120163000000000000000000000000000000000000000000000000000000000000000000000000000000000000000000000000003298000300000           
0330001300302Q 011000053708369815PERCIVAL BATISTA DE HOLANDA             R BAROEL, 83 AP 11                      CENTRO         08675000SUZANO         SP0000000000000000                                        000000000000                   
0330001300303P 010001001301476520130147652  0000000033138511  0000000000033132111201600000000008349600000 02N091120163000000000000000000000000000000000000000000000000000000000000000000000000000000000000000000000000003313000300000           
0330001300304Q 011000000380692880ANALICE MARIA T DE OLIVEIRA             R TANGER 319                            PQ N ORATORIO  09251140STO ANDRE      SP0000000000000000                                        000000000000                   
0330001300305P 010001001301476520130147652  0000000032751511  0000000000032752111201600000000001044100000 02N091120163000000000000000000000000000000000000000000000000000000000000000000000000000000000000000000000000003275000300000           
0330001300306Q 011000014683305860WANDERLEY FRANCISCO DA SILVA            R JOAQUIM ESPINOSA, 221 CASA 06         J SAO LUIZ     05812070SAO PAULO      SP0000000000000000                                        000000000000                   
0330001300307P 010001001301476520130147652  0000000032174511  0000000000032172111201600000000001050800000 02N091120163000000000000000000000000000000000000000000000000000000000000000000000000000000000000000000000000003217000300000           
0330001300308Q 011000001430943866MARISALVA BRITO N NASCIMENTO            R CAPIVARI, 465 CS 02                   PQ LUIZA       06816160EMBU DAS ARTES SP0000000000000000                                        000000000000                   
0330001300309P 010001001301476520130147652  0000000033626511  0000000000033622111201600000000003726800000 02N091120163000000000000000000000000000000000000000000000000000000000000000000000000000000000000000000000000003362000300000           
0330001300310Q 011000004926246821ANGELA MARIA FELIPE                     AV GARCIA AVILAR, 641 CS 01             JD MIRIAM      04417000SAO PAULO      SP0000000000000000                                        000000000000                   
0330001300311P 010001001301476520130147652  0000000032964511  0000000000032962111201600000000001173000000 02N091120163000000000000000000000000000000000000000000000000000000000000000000000000000000000000000000000000003296000300000           
0330001300312Q 011000035239174504MARIA DO CARMO DE CARVALHO              R LUIZ PINHEIRO, 61                     CI PIRITUBA    02944000SAO PAULO      SP0000000000000000                                        000000000000                   
0330001300313P 010001001301476520130147652  0000000033146511  0000000000033142111201600000000002218600000 02N091120163000000000000000000000000000000000000000000000000000000000000000000000000000000000000000000000000003314000300000           
0330001300314Q 011000000851347835ELISABETE FERREIRA GARCIA               RUA TUPI, 160 AP 23                     CERAMICA       09530530SAO CAETANO DOLSP0000000000000000                                        000000000000                   
0330001300315P 010001001301476520130147652  0000000032182511  0000000000032182111201600000000001173000000 02N091120163000000000000000000000000000000000000000000000000000000000000000000000000000000000000000000000000003218000300000           
0330001300316Q 011000001457584867WAGNER PADUAN                           AV BENJAMIN HARRIS HUNNI,BLOCO 9 - AP42 VL RIO DE JANEI07124000GUARULHOS      SP0000000000000000                                        000000000000                   
0330001300317P 010001001301476520130147652  0000000033367511  0000000000033362111201600000000001050800000 02N091120163000000000000000000000000000000000000000000000000000000000000000000000000000000000000000000000000003336000300000           
0330001300318Q 011000099753405804ZULEIDE FERREIRA DOS SANTOS             RUA ANA MARIA TV.SAO JUDAS, 11          VL MARIANA     09780630SAO B DO CAMPO SP0000000000000000                                        000000000000                   
0330001300319P 010001001301476520130147652  0000000033561511  0000000000033562111201600000000001783500000 02N091120163000000000000000000000000000000000000000000000000000000000000000000000000000000000000000000000000003356000300000           
0330001300320Q 011000001342895878MARIA HELENA RIBEIRO DA SILVA           R JOSE CARLOS DE REZENDE, 92BL A,AP24   JD VILA VERDE  05171010SAO PAULO      SP0000000000000000                                        000000000000                   
0330001300321P 010001001301476520130147652  0000000032476511  0000000000032472111201600000000001173000000 02N091120163000000000000000000000000000000000000000000000000000000000000000000000000000000000000000000000000003247000300000           
0330001300322Q 011000008263016819MARINA RIBEIRO AVELINO                  E ESTEVAO JORDAN, 254 AP 931            JD MONICA      05861300SAO PAULO      SP0000000000000000                                        000000000000                   
0330001300323P 010001001301476520130147652  0000000032255511  0000000000032252111201600000000002737000000 02N091120163000000000000000000000000000000000000000000000000000000000000000000000000000000000000000000000000003225000300000           
0330001300324Q 011000005320093802RENATO MATEUS DOS SANTOS                RUA ITALIA 68                           JD ORIENTAL    06033060SAO PAULO      SP0000000000000000                                        000000000000                   
0330001300325P 010001001301476520130147652  0000000032646511  0000000000032642111201600000000002386300000 02N091120163000000000000000000000000000000000000000000000000000000000000000000000000000000000000000000000000003264000300000           
0330001300326Q 011000012898603864MARCIO MELHADOS                         R WOLSTEIN, 116 A                       VL GRANADA     03623010SAO PAULO      SP0000000000000000                                        000000000000                   
0330001300327P 010001001301476520130147652  0000000033677511  0000000000033672111201600000000005027300000 02N091120163000000000000000000000000000000000000000000000000000000000000000000000000000000000000000000000000003367000300000           
0330001300328Q 011000014532385814ROSALINA IGNACIO S CARVALHO             R DNA TECLA, 458                        JD FLOR MONTANH07097380GUARULHOS      SP0000000000000000                                        000000000000                   
0330001300329P 010001001301476520130147652  0000000032360511  0000000000032362111201600000000002737000000 02N091120163000000000000000000000000000000000000000000000000000000000000000000000000000000000000000000000000003236000300000           
0330001300330Q 011000006788635803JANE RODRIGUES RIBEIRO                  R VITORIO TAFARELLO, 54                 VL QUINTAUNA   06192150OSASCO         SP0000000000000000                                        000000000000                   
0330001300331P 010001001301476520130147652  0000000032603511  0000000000032602111201600000000001173000000 02N091120163000000000000000000000000000000000000000000000000000000000000000000000000000000000000000000000000003260000300000           
0330001300332Q 011000011445735806JOAQUIM JOSE R JUNIOR                   R JOSEPHINA LIUZZI DE MOR,BLOCO A - 310 J MARIA ROSA   06763140TABOAO DA SERRASP0000000000000000                                        000000000000                   
0330001300333P 010001001301476520130147652  0000000033057511  0000000000033052111201600000000001050800000 02N091120163000000000000000000000000000000000000000000000000000000000000000000000000000000000000000000000000003305000300000           
0330001300334Q 011000089928172820ANA IRES SANTOS SILVA                   PASSAGEM BRENO CALDAS, 27               VL CAMPO GRANDE04447025SAO PAULO      SP0000000000000000                                        000000000000                   
0330001300335P 010001001301476520130147652  0000000033405511  0000000000033402111201600000000020379100000 02N091120163000000000000000000000000000000000000000000000000000000000000000000000000000000000000000000000000003340000300000           
0330001300336Q 011000000632051817JANICE TEIXEIRA A BARBOSA               AV  STA INES 1129 AP 204                PQ MANDAQUI    02415900SAO PAULO      SP0000000000000000                                        000000000000                   
0330001300337P 010001001301476520130147652  0000000033162511  0000000000033162111201600000000000509200000 02N091120163000000000000000000000000000000000000000000000000000000000000000000000000000000000000000000000000003316000300000           
0330001300338Q 011000002214941894CELSO HYMALAIA DA CONCEICAO             RUAS DOS COQUEIROS, 665 AP 16           CAMPESTRE      09080010STO ANDRE      SP0000000000000000                                        000000000000                   
03300015         000340                                                                                                                                                                                                                         
03399999         000001000342                                                                                                                                                                                                                   