03300000        2049938327000106000100001201344                         UBRASP - UNIAO BRASILEIRA     Banco Santander                         113062017      000098040                                                                          
03300011R01  030 2049938327000106                    000100001201344     UBRASP - UNIAO BRASILEIRA                                                                                     0000000113062017                                         
0330001300001P 010001001301476520130147652  0000000091618511  0000000000091612006201700000000011448300000 02N130620173000000000000000000000000000000000000000000000000000000000000000000000000000000000000000000000000009161000300000           
0330001300002Q 011000003380847895GELNI MOURA DOS SANTOS                  R PROF JOAO RAMOS COSTA 151             PQ BRISTOL     04194010SAO PAULO      SP0000000000000000                                        000000000000                   
0330001300003P 010001001301476520130147652  0000000091626511  0000000000091622006201700000000023769900000 02N130620173000000000000000000000000000000000000000000000000000000000000000000000000000000000000000000000000009162000300000           
0330001300004Q 011000014051162850LUIZ VANDERLEI DE LIMA                  RUA MARANHAO, 111 APTO 8                STO ANTONIO    09541000SAO C SUL      SP0000000000000000                                        000000000000                   
0330001300005P 010001001301476520130147652  0000000091634511  0000000000091632006201700000000002490000000 02N130620173000000000000000000000000000000000000000000000000000000000000000000000000000000000000000000000000009163000300000           
0330001300006Q 011000024595253893THIAGO OLLER DE CASTRO                  R DR JOAQUIM GOMES DE SOUZA,26          BUTANTA        05596100SAO PAULO      SP0000000000000000                                        000000000000                   
0330001300007P 010001001301476520130147652  0000000091642511  0000000000091642006201700000000014315900000 02N130620173000000000000000000000000000000000000000000000000000000000000000000000000000000000000000000000000009164000300000           
0330001300008Q 011000003599914834JANETE KRENTZENSTEIN                    R ROQUE DE MORAES,331 AP 11             B LIMAO        02721031SAO PAULO      SP0000000000000000                                        000000000000                   
0330001300009P 010001001301476520130147652  0000000091651511  0000000000091652006201700000000010069700000 02N130620173000000000000000000000000000000000000000000000000000000000000000000000000000000000000000000000000009165000300000           
0330001300010Q 011000016298695893MARIA GUACIRA FLORES CORREIA            R ANTONIO MARIA DE BARROS, 104          FREGUESIA DO O 02729050SAO PAULO      SP0000000000000000                                        000000000000                   
0330001300011P 010001001301476520130147652  0000000091669511  0000000000091662006201700000000020546000000 02N130620173000000000000000000000000000000000000000000000000000000000000000000000000000000000000000000000000009166000300000           
0330001300012Q 011000003057511821VALTER COSTA                            RA CAETANO NOBILE, 26                   STO ANTONIO    09530290SAO CAETANO    SP0000000000000000                                        000000000000                   
0330001300013P 010001001301476520130147652  0000000091677511  0000000000091672006201700000000010027600000 02N130620173000000000000000000000000000000000000000000000000000000000000000000000000000000000000000000000000009167000300000           
0330001300014Q 011000011493008846BLANCA ELEONORA DE C C ANDRADE          R CEL OSCAR PORTO, 614 AP 05            PARAISO        04003002SAO PAULO      SP0000000000000000                                        000000000000                   
0330001300015P 010001001301476520130147652  0000000091685511  0000000000091682006201700000000008718300000 02N130620173000000000000000000000000000000000000000000000000000000000000000000000000000000000000000000000000009168000300000           
0330001300016Q 011000008192555801MARIA ANUNCIADA LOPES                   R MANOEL ALVES DOS SANTOS 233           JD LIDIA       05862230SAO PAULO      SP0000000000000000                                        000000000000                   
0330001300017P 010001001301476520130147652  0000000091693511  0000000000091692006201700000000004003100000 02N130620173000000000000000000000000000000000000000000000000000000000000000000000000000000000000000000000000009169000300000           
0330001300018Q 011000000811396835CONCEICAO APARECIDA DOS SANTOS          RUA SANHACU 664                         PQ RISO II     06704712COTIA          SP0000000000000000                                        000000000000                   
0330001300019P 010001001301476520130147652  0000000091707511  0000000000091702006201700000000005559900000 02N130620173000000000000000000000000000000000000000000000000000000000000000000000000000000000000000000000000009170000300000           
0330001300020Q 011000017232866801ADRIANA BERNARDINO DE CARVALHO          RUA LUIZ CASA 80 BLOCO 3A APTO 34       PQ ESPACIAL    09812140S B DO CAMPO   SP0000000000000000                                        000000000000                   
0330001300021P 010001001301476520130147652  0000000091715511  0000000000091712006201700000000008608700000 02N130620173000000000000000000000000000000000000000000000000000000000000000000000000000000000000000000000000009171000300000           
0330001300022Q 011000001242740805MARIA ANTONIA PAULA                     AVENIDA RIBEIRAO BRANCO,58,A            JARDIM CAIUBI  08588450ITAQUAQUECETUBASP0000000000000000                                        000000000000                   
0330001300023P 010001001301476520130147652  0000000091723511  0000000000091722006201700000000004277100000 02N130620173000000000000000000000000000000000000000000000000000000000000000000000000000000000000000000000000009172000300000           
0330001300024Q 011000006113811840RAQUEL DE CASTRO COTTING                RUA GERMANIA, 1221                      PQ NOV ORATORIO09260250STO ANDRE      SP0000000000000000                                        000000000000                   
0330001300025P 010001001301476520130147652  0000000091731511  0000000000091732006201700000000006606700000 02N130620173000000000000000000000000000000000000000000000000000000000000000000000000000000000000000000000000009173000300000           
0330001300026Q 011000038436103807NEUSA DAS GRACAS MARTINS                R ALEXANDRE RAPIN, 23 AP 92             JD CELESTE     04195110SAO PAULO      SP0000000000000000                                        000000000000                   
0330001300027P 010001001301476520130147652  0000000091741511  0000000000091742006201700000000007868300000 02N130620173000000000000000000000000000000000000000000000000000000000000000000000000000000000000000000000000009174000300000           
0330001300028Q 011000011971288837MARCOS APARECIDO MORGON                 R TIRADENTES, 1933 B 06 AP 14           JD IRAJA       09781220SAO B DO CAMPO SP0000000000000000                                        000000000000                   
0330001300029P 010001001301476520130147652  0000000091758511  0000000000091752006201700000000011895700000 02N130620173000000000000000000000000000000000000000000000000000000000000000000000000000000000000000000000000009175000300000           
0330001300030Q 011000099741644868MARLI RODRIGUES SILVA                   R MANOEL GARCIA BERNARDES, 125          VL JOANIZA     04403260SAO PAULO      SP0000000000000000                                        000000000000                   
0330001300031P 010001001301476520130147652  0000000091766511  0000000000091762006201700000000004847200000 02N130620173000000000000000000000000000000000000000000000000000000000000000000000000000000000000000000000000009176000300000           
0330001300032Q 011000008576038846EUNICE COSTA MEIRA MARQUES              R SAO VICENTE DE PAULO, 554 AP 81       HIGIENOPOLIS   01229010SAO PAULO      SP0000000000000000                                        000000000000                   
0330001300033P 010001001301476520130147652  0000000091774511  0000000000091772006201700000000006599800000 02N130620173000000000000000000000000000000000000000000000000000000000000000000000000000000000000000000000000009177000300000           
0330001300034Q 011000005752012821DALVA DE OLIVEIRA PEIXOTO               R BARTOLOMEU DE TOLARES, 56 AP 12       VL MAZZEI      02310020SAO PAULO      SP0000000000000000                                        000000000000                   
0330001300035P 010001001301476520130147652  0000000091782511  0000000000091782006201700000000016858000000 02N130620173000000000000000000000000000000000000000000000000000000000000000000000000000000000000000000000000009178000300000           
0330001300036Q 011000015213321852LIDIA MARIA M WAILEMANN                 ESTRADA VELHA DA PENHA, 265 BL,BLOCO 83 TATUAPE        03090020SAO PAULO      SP0000000000000000                                        000000000000                   
0330001300037P 010001001301476520130147652  0000000091791511  0000000000091792006201700000000004265100000 02N130620173000000000000000000000000000000000000000000000000000000000000000000000000000000000000000000000000009179000300000           
0330001300038Q 011000008446035898ROBERTO CARLOS DIAS PEDROSO             RUA NESTOR HOMEM DE MELLO, 260          CAMPO LIMPO    05758160SAO PAULO      SP0000000000000000                                        000000000000                   
0330001300039P 010001001301476520130147652  0000000091804511  0000000000091802006201700000000006508600000 02N130620173000000000000000000000000000000000000000000000000000000000000000000000000000000000000000000000000009180000300000           
0330001300040Q 011000021777387841FABIANE RODRIGUES SARDINHA              R VICENTE DE CRANETO, 77 BL C AP31      JD STO ANTONIO 05819000SAO PAULO      SP0000000000000000                                        000000000000                   
0330001300041P 010001001301476520130147652  0000000091812511  0000000000091812006201700000000004325700000 02N130620173000000000000000000000000000000000000000000000000000000000000000000000000000000000000000000000000009181000300000           
0330001300042Q 011000005116458806IDEVALDO BARBOSA CAMPELO                R MARNE, 309                            VL CAPELA      04415090SAO PAULO      SP0000000000000000                                        000000000000                   
03300015         000044                                                                                                                                                                                                                         
03399999         000001000046                                                                                                                                                                                                                   