03300000        2049938327000106000100001201344                         UBRASP - UNIAO BRASILEIRA     Banco Santander                         106072017      000104040                                                                          
03300011R01  030 2049938327000106                    000100001201344     UBRASP - UNIAO BRASILEIRA                                                                                     0000000106072017                                         
0330001300001P 010001001301476520130147652  0000000093246511  0000000000093241507201700000000003839800000 02N060720173000000000000000000000000000000000000000000000000000000000000000000000000000000000000000000000000009324000300000           
0330001300002Q 011000010022645888SILVANA SANTOS DA ROCHA                 RUA BERGAL, 87                          SAO JOAO CLIMAC04240090SAO PAULO      SP0000000000000000                                        000000000000                   
0330001300003P 010001001301476520130147652  0000000093254511  0000000000093251507201700000000003361300000 02N060720173000000000000000000000000000000000000000000000000000000000000000000000000000000000000000000000000009325000300000           
0330001300004Q 011000005333681899TANIA CRISTINA BAPTISTA                 RUA 18 DE OUTUBRO, 279                  JD MARIA ESTELA04180030SAO PAULO      SP0000000000000000                                        000000000000                   
0330001300005P 010001001301476520130147652  0000000093262511  0000000000093261507201700000000014316400000 02N060720173000000000000000000000000000000000000000000000000000000000000000000000000000000000000000000000000009326000300000           
0330001300006Q 011000053507576872TANIA APARECIDA CHAGAS SOARES           R GALEAZZO ALESSI, 70 AP 162            V MONTE ALEGRE 04305050SAO PAULO      SP0000000000000000                                        000000000000                   
0330001300007P 010001001301476520130147652  0000000093165511  0000000000093161507201700000000000606400000 02N060720173000000000000000000000000000000000000000000000000000000000000000000000000000000000000000000000000009316000300000           
0330001300008Q 011000003088728865CICERO VALTER HOLANDA                   RUA JULIO PEROTTI,455,BL2 APTO23        JARDIM ARMENIA 08780810MOGI DAS CRUZESSP0000000000000000                                        000000000000                   
0330001300009P 010001001301476520130147652  0000000093271511  0000000000093271507201700000000005321200000 02N060720173000000000000000000000000000000000000000000000000000000000000000000000000000000000000000000000000009327000300000           
0330001300010Q 011000088788733653MARINIUZA ALVES DE ALMEIDA              R RUI DE MORAIS APOCALIPSE,312,BLOCO 20 JD DO TIRO     02842260SAO PAULO      SP0000000000000000                                        000000000000                   
0330001300011P 010001001301476520130147652  0000000093289511  0000000000093281507201700000000006606700000 02N060720173000000000000000000000000000000000000000000000000000000000000000000000000000000000000000000000000009328000300000           
0330001300012Q 011000007573271840IARA APARECIDA DE ARRUDA                R HELENA AP SECOL, 280 B 03 AP 144      JD PALERMO     09780595S B CAMPO      SP0000000000000000                                        000000000000                   
0330001300013P 010001001301476520130147652  0000000093297511  0000000000093291507201700000000006691900000 02N060720173000000000000000000000000000000000000000000000000000000000000000000000000000000000000000000000000009329000300000           
0330001300014Q 011000006348492800MARCELO CINTRA ROLIM                    RUA CARLOS DO PINHAL, 345/2002          C CEZAR        01333001SAO PAULO      SP0000000000000000                                        000000000000                   
0330001300015P 010001001301476520130147652  0000000093033511  0000000000093031507201700000000002329100000 02N060720173000000000000000000000000000000000000000000000000000000000000000000000000000000000000000000000000009303000300000           
0330001300016Q 011000009470824849MARIA IGNES GARRATA MENEZES             RUA ESTADO DE ISRAEL, 435 AP 133        VL CLEMENTINO  04022900SAO PAULO      SP0000000000000000                                        000000000000                   
0330001300017P 010001001301476520130147652  0000000092983511  0000000000092981507201700000000002718900000 02N060720173000000000000000000000000000000000000000000000000000000000000000000000000000000000000000000000000009298000300000           
0330001300018Q 011000001022673831JOSE ANTONIO DE ARAUJO                  ESTRADA DO SABAO, 1403 AP 68 BL 2       JD MARISTELA   02806000SAO PAULO      SP0000000000000000                                        000000000000                   
0330001300019P 010001001301476520130147652  0000000093301511  0000000000093301507201700000000023769900000 02N060720173000000000000000000000000000000000000000000000000000000000000000000000000000000000000000000000000009330000300000           
0330001300020Q 011000014051162850LUIZ VANDERLEI DE LIMA                  RUA MARANHAO, 111 APTO 8                STO ANTONIO    09541000SAO C SUL      SP0000000000000000                                        000000000000                   
0330001300021P 010001001301476520130147652  0000000093319511  0000000000093311507201700000000014316700000 02N060720173000000000000000000000000000000000000000000000000000000000000000000000000000000000000000000000000009331000300000           
0330001300022Q 011000087157470853NEUSA MARIA DE O B FERNANDES            RUA AMAIBA,111                          PARADA INGLESA 02307140SAO PAULO      SP0000000000000000                                        000000000000                   
0330001300023P 010001001301476520130147652  0000000093327511  0000000000093321507201700000000006691900000 02N060720173000000000000000000000000000000000000000000000000000000000000000000000000000000000000000000000000009332000300000           
0330001300024Q 011000008695983846JOAO HENRIQUE  TENORIO JUNIOR           R DR ANGELO VITA,112 APTO 154           TATUAPE        03069000SAO PAULO      SP0000000000000000                                        000000000000                   
0330001300025P 010001001301476520130147652  0000000093335511  0000000000093331507201700000000002490000000 02N060720173000000000000000000000000000000000000000000000000000000000000000000000000000000000000000000000000009333000300000           
0330001300026Q 011000024595253893THIAGO OLLER DE CASTRO                  R DR JOAQUIM GOMES DE SOUZA,26          BUTANTA        05596100SAO PAULO      SP0000000000000000                                        000000000000                   
0330001300027P 010001001301476520130147652  0000000093051511  0000000000093051507201700000000016359600000 02N060720173000000000000000000000000000000000000000000000000000000000000000000000000000000000000000000000000009305000300000           
0330001300028Q 011000075783444804MARISA APARECIDA LOPES PINTER           R ANTONIETA LEITAO,357,APTO.133         FREGUESIA DO O 02925160SAO PAULO      SP0000000000000000                                        000000000000                   
0330001300029P 010001001301476520130147652  0000000092851511  0000000000092851507201700000000000649100000 02N060720173000000000000000000000000000000000000000000000000000000000000000000000000000000000000000000000000009285000300000           
0330001300030Q 011000012526032822DULCINEIA BARBOSA GARCIA                AV ARMANDO BEI, 401 AP 44 BL 1          CI NV BONSUCESO07175000GUARULHOS      SP0000000000000000                                        000000000000                   
0330001300031P 010001001301476520130147652  0000000093343511  0000000000093341507201700000000005323000000 02N060720173000000000000000000000000000000000000000000000000000000000000000000000000000000000000000000000000009334000300000           
0330001300032Q 011000000340639865ROSALINA FATIMA SILVA SILVEIRA          AV LAZAR SEGAL, 373                     IMIRIM         02543010SAO PAULO      SP0000000000000000                                        000000000000                   
0330001300033P 010001001301476520130147652  0000000093351511  0000000000093351507201700000000002587800000 02N060720173000000000000000000000000000000000000000000000000000000000000000000000000000000000000000000000000009335000300000           
0330001300034Q 011000020393191826EMERSON JOSE FERRADOSA DE SOUZA         R ARTHUR BERNARDES 247                  VL INVERNADA   03490000SAO PAULO      SP0000000000000000                                        000000000000                   
0330001300035P 010001001301476520130147652  0000000092827511  0000000000092821507201700000000000506300000 02N060720173000000000000000000000000000000000000000000000000000000000000000000000000000000000000000000000000009282000300000           
0330001300036Q 011000013074770899MARCELO MOURA DE CAMPOS                 RUA MONSENHOR MANOEL GOMES, 261         PIRITUBA       02975120SAO PAULO      SP0000000000000000                                        000000000000                   
0330001300037P 010001001301476520130147652  0000000093238511  0000000000093231507201700000000001026000000 02N060720173000000000000000000000000000000000000000000000000000000000000000000000000000000000000000000000000009323000300000           
0330001300038Q 011000087491591868SONIA MARIA EDWIRGES                    AV NICOLAU JACINTO,685,BL 5 APTO.43     CIDADE A. E. CA03687010SAO PAULO      SP0000000000000000                                        000000000000                   
0330001300039P 010001001301476520130147652  0000000093361511  0000000000093361507201700000000003342500000 02N060720173000000000000000000000000000000000000000000000000000000000000000000000000000000000000000000000000009336000300000           
0330001300040Q 011000014039227808ALEXANDRA PEREIRA                       RUA BALACLAVA, 871                      J STO ALBERTO  09260440STO ANDRE      SP0000000000000000                                        000000000000                   
0330001300041P 010001001301476520130147652  0000000093378511  0000000000093371507201700000000004276400000 02N060720173000000000000000000000000000000000000000000000000000000000000000000000000000000000000000000000000009337000300000           
0330001300042Q 011000007250788809JOSIANE CAPUCHO SILVA                   RUA LATERAL, 374                        V NOVA IORQUE  03479000SAO PAULO      SP0000000000000000                                        000000000000                   
0330001300043P 010001001301476520130147652  0000000093017511  0000000000093011507201700000000009635000000 02N060720173000000000000000000000000000000000000000000000000000000000000000000000000000000000000000000000000009301000300000           
0330001300044Q 011000007612029863HERMOGENES FELIPE FILHO                 RUA PAULO LEOPES DE LEAO, 501           ITAQUERA       08210520SAO PAULO      SP0000000000000000                                        000000000000                   
0330001300045P 010001001301476520130147652  0000000093386511  0000000000093381507201700000000006412000000 02N060720173000000000000000000000000000000000000000000000000000000000000000000000000000000000000000000000000009338000300000           
0330001300046Q 011000001470170841SONIA DE OLIVEIRA B CALIXTER            RUA DAS SERINGUEIRAS, 373 AP 74         JABAQUARA      04321070SAO PAULO      SP0000000000000000                                        000000000000                   
0330001300047P 010001001301476520130147652  0000000093068511  0000000000093061507201700000000000606400000 02N060720173000000000000000000000000000000000000000000000000000000000000000000000000000000000000000000000000009306000300000           
0330001300048Q 011000000811396835CONCEICAO APARECIDA DOS SANTOS          RUA SANHACU 664                         PQ RISO II     06704712COTIA          SP0000000000000000                                        000000000000                   
0330001300049P 010001001301476520130147652  0000000093394511  0000000000093391507201700000000005321200000 02N060720173000000000000000000000000000000000000000000000000000000000000000000000000000000000000000000000000009339000300000           
0330001300050Q 011000018309688822MARISTELA HEREDIA                       R PADRE ANTONIO DE SOUZA LIMA, 170      VL EURO        09810170S B DO CAMPO   SP0000000000000000                                        000000000000                   
0330001300051P 010001001301476520130147652  0000000093408511  0000000000093401507201700000000005321200000 02N060720173000000000000000000000000000000000000000000000000000000000000000000000000000000000000000000000000009340000300000           
0330001300052Q 011000014013454840PATRICIA REGIANE DAS NEVES              AV MOINHO FABRINE, 1262                 VL COCA        09862000S B DO CAMPO   SP0000000000000000                                        000000000000                   
0330001300053P 010001001301476520130147652  0000000093416511  0000000000093411507201700000000012640800000 02N060720173000000000000000000000000000000000000000000000000000000000000000000000000000000000000000000000000009341000300000           
0330001300054Q 011000003630357881ELY MATOS                               R MARIA MARI,88                         JD MONTE ALEGRE06755390T  DA SERRA    SP0000000000000000                                        000000000000                   
0330001300055P 010001001301476520130147652  0000000093424511  0000000000093421507201700000000005560800000 02N060720173000000000000000000000000000000000000000000000000000000000000000000000000000000000000000000000000009342000300000           
0330001300056Q 011000097590223468JACI DE SOUZA E SILVA                   R IGNACIO MANOEL ALTAMIRANO,85          JD SABIA       04856555SAO PAULO      SP0000000000000000                                        000000000000                   
0330001300057P 010001001301476520130147652  0000000093432511  0000000000093431507201700000000006691900000 02N060720173000000000000000000000000000000000000000000000000000000000000000000000000000000000000000000000000009343000300000           
0330001300058Q 011000007271790802DENISE FERNANDES FACINA                 RUA ITU, 33 AP 33 BL B                  BAETA NEVES    09751040SAO B DO CAMPO SP0000000000000000                                        000000000000                   
0330001300059P 010001001301476520130147652  0000000093441511  0000000000093441507201700000000003839800000 02N060720173000000000000000000000000000000000000000000000000000000000000000000000000000000000000000000000000009344000300000           
0330001300060Q 011000018035780840SONIA APARECIDA DOS SANTOS              R PROGRESSO, 170                        VL AURORA      09780130S B DO CAMPO   SP0000000000000000                                        000000000000                   
0330001300061P 010001001301476520130147652  0000000092762511  0000000000092761507201700000000000503300000 02N060720173000000000000000000000000000000000000000000000000000000000000000000000000000000000000000000000000009276000300000           
0330001300062Q 011000030860820864CAMILA SANTOS TEODORO                   RUA CAMPO SANTO, 379 BL 3 APTO 41       PQ DAS NACOES  09280195SANTO ANDRE    SP0000000000000000                                        000000000000                   
0330001300063P 010001001301476520130147652  0000000093009511  0000000000093001507201700000000001223200000 02N060720173000000000000000000000000000000000000000000000000000000000000000000000000000000000000000000000000009300000300000           
0330001300064Q 011000005582018816DIRCE PEREIRA SALES                     R GINGADINHO, 44 PASSAGEM D             JD SA BENTO NOV05886410SAO PAULO      SP0000000000000000                                        000000000000                   
0330001300065P 010001001301476520130147652  0000000093076511  0000000000093071507201700000000002329100000 02N060720173000000000000000000000000000000000000000000000000000000000000000000000000000000000000000000000000009307000300000           
0330001300066Q 011000005589720800EMILIA EMIRENE NOGUEIRA                 RUA LEANDRO DUPRET, 662 AP 31           VL CLEMENTINO  04025013SAO PAULO      SP0000000000000000                                        000000000000                   
0330001300067P 010001001301476520130147652  0000000093025511  0000000000093021507201700000000003188200000 02N060720173000000000000000000000000000000000000000000000000000000000000000000000000000000000000000000000000009302000300000           
0330001300068Q 011000082858195820JOAQUIM DAS CHAGAS SOARES NETO          AV CEL JOSE PIRES DE ANDRADE 646,182    VL ELISIO      04295001SAO PAULO      SP0000000000000000                                        000000000000                   
0330001300069P 010001001301476520130147652  0000000093459511  0000000000093451507201700000000013595400000 02N060720173000000000000000000000000000000000000000000000000000000000000000000000000000000000000000000000000009345000300000           
0330001300070Q 011000003338176805GEREMIAS FILOMENO DE FARIAS             ESTR DAS CABREUVAL, 280                 CH STA MARIA   06856860ITAP DA SERRA  SP0000000000000000                                        000000000000                   
0330001300071P 010001001301476520130147652  0000000093467511  0000000000093461507201700000000010041700000 02N060720173000000000000000000000000000000000000000000000000000000000000000000000000000000000000000000000000009346000300000           
0330001300072Q 011000006470787835JOSE ALTAMIRO NUNES DA SILVA            AV MARIA HELENA, 32 CASA 04             JD DINARAH     06703100COTIA          SP0000000000000000                                        000000000000                   
0330001300073P 010001001301476520130147652  0000000093114511  0000000000093111507201700000000002329100000 02N060720173000000000000000000000000000000000000000000000000000000000000000000000000000000000000000000000000009311000300000           
0330001300074Q 011000084687231853CLEUSA DE MIRANDA CAOBIANCO             R TEIXEIRA DA SILVA, 363 AP 11          PARAISO        04002031SAO PAULO      SP0000000000000000                                        000000000000                   
0330001300075P 010001001301476520130147652  0000000093475511  0000000000093471507201700000000006148300000 02N060720173000000000000000000000000000000000000000000000000000000000000000000000000000000000000000000000000009347000300000           
0330001300076Q 011000012968456806EDNA MIRANDA BARRETO SANTOS             EST DOS GUATAMBUS, 52                   ITAPECERICA SER06857820SAO PAULO      SP0000000000000000                                        000000000000                   
0330001300077P 010001001301476520130147652  0000000093221511  0000000000093221507201700000000000128400000 02N060720173000000000000000000000000000000000000000000000000000000000000000000000000000000000000000000000000009322000300000           
0330001300078Q 011000006348363821BERNADETE L DE SOUSA PASCHUETTO         RUA RUI BARBOSA,361,APTO 142 BL.1       VILA BOA VISTA 09190370SANTO ANDRE    SP0000000000000000                                        000000000000                   
0330001300079P 010001001301476520130147652  0000000092894511  0000000000092891507201700000000000649100000 02N060720173000000000000000000000000000000000000000000000000000000000000000000000000000000000000000000000000009289000300000           
0330001300080Q 011000030500537801CLAUDIA SOUSA DA SILVA                  RUA DESCALVADO, 80                      VL FRAN MATARAZ09241210STO ANDRE      SP0000000000000000                                        000000000000                   
0330001300081P 010001001301476520130147652  0000000093483511  0000000000093481507201700000000004277000000 02N060720173000000000000000000000000000000000000000000000000000000000000000000000000000000000000000000000000009348000300000           
0330001300082Q 011000010081975805EMPEDOCLES DOMINGOS DA SILVA            AV GEOVANI GRONCHI, 6675 PQ BRASIL,AP17 VLA ANDRADE    05724902SAO PAULO      SP0000000000000000                                        000000000000                   
0330001300083P 010001001301476520130147652  0000000093491511  0000000000093491507201700000000033702300000 02N060720173000000000000000000000000000000000000000000000000000000000000000000000000000000000000000000000000009349000300000           
0330001300084Q 011000006388831800FLORALICE DO CARMO N SILVA              RUA MILANO  (LOTEAMENTO VILLA DESTE,760 JARDIM RIO DAS 06703794COTIA          SP0000000000000000                                        000000000000                   
0330001300085P 010001001301476520130147652  0000000093149511  0000000000093141507201700000000002285000000 02N060720173000000000000000000000000000000000000000000000000000000000000000000000000000000000000000000000000009314000300000           
0330001300086Q 011000013997663840JANIRA CARNEIRO DA SILVA                RUA VICTORIO NATAL GASTAURO, 116        JD PALERMA     09780425SAO B DO CAMPO SP0000000000000000                                        000000000000                   
0330001300087P 010001001301476520130147652  0000000093173511  0000000000093171507201700000000002329100000 02N060720173000000000000000000000000000000000000000000000000000000000000000000000000000000000000000000000000009317000300000           
0330001300088Q 011000056186010872MARIA CECILIA ROCHA SOLERA              R PAULISTANIA, 413 AP 04                SUMAREZINHO    05440000SAO PAULO      SP0000000000000000                                        000000000000                   
0330001300089P 010001001301476520130147652  0000000093505511  0000000000093501507201700000000008608700000 02N060720173000000000000000000000000000000000000000000000000000000000000000000000000000000000000000000000000009350000300000           
0330001300090Q 011000001242740805MARIA ANTONIA PAULA                     AVENIDA RIBEIRAO BRANCO,58,A            JARDIM CAIUBI  08588450ITAQUAQUECETUBASP0000000000000000                                        000000000000                   
0330001300091P 010001001301476520130147652  0000000093513511  0000000000093511507201700000000010679800000 02N060720173000000000000000000000000000000000000000000000000000000000000000000000000000000000000000000000000009351000300000           
0330001300092Q 011000007998259809CARLOS ALBERTO DE CAMPOS                R FERNANDO COSTA 322                    PQ GERASSI     09120305SANTO ANDRE    SP0000000000000000                                        000000000000                   
0330001300093P 010001001301476520130147652  0000000093521511  0000000000093521507201700000000004003100000 02N060720173000000000000000000000000000000000000000000000000000000000000000000000000000000000000000000000000009352000300000           
0330001300094Q 011000000383259851ELISABETE MARTINES LOPES                RUA DAS ORQUIDEAS, 239 BL 02 AP 21      VL MARCHI      09810390S B CAMPO      SP0000000000000000                                        000000000000                   
0330001300095P 010001001301476520130147652  0000000092967511  0000000000092961507201700000000001637600000 02N060720173000000000000000000000000000000000000000000000000000000000000000000000000000000000000000000000000009296000300000           
0330001300096Q 011000016173912805SILVIO CUSTODIO                         R DR CINCINATO BRAGA, 691 BL 02,54      PLANALTO       09890300SAO B DO CAMPO SP0000000000000000                                        000000000000                   
0330001300097P 010001001301476520130147652  0000000093531511  0000000000093531507201700000000004277000000 02N060720173000000000000000000000000000000000000000000000000000000000000000000000000000000000000000000000000009353000300000           
0330001300098Q 011000005530538843REGINA CELIA DA SILVA CARVALHO          EST DOUGLAS W GOMES DE ARAUJO, 35       JD BOM SUCESSO 06335140CARAPICUIBA    SP0000000000000000                                        000000000000                   
0330001300099P 010001001301476520130147652  0000000093548511  0000000000093541507201700000000005321200000 02N060720173000000000000000000000000000000000000000000000000000000000000000000000000000000000000000000000000009354000300000           
0330001300100Q 011000004410407805EDILEUZA IZABEL ZANETTI                 RUA DAS ANTAS, 10 AP 52 BL 01           SITIO ORATORIO 03978470SAO PAULO      SP0000000000000000                                        000000000000                   
0330001300101P 010001001301476520130147652  0000000093556511  0000000000093551507201700000000006691900000 02N060720173000000000000000000000000000000000000000000000000000000000000000000000000000000000000000000000000009355000300000           
0330001300102Q 011000004889769870UBALDO REGIS PEROSSI CARRADO            R RELOGIO DO SOL, 147                   LAPA           05065080SAO PAULO      SP0000000000000000                                        000000000000                   
0330001300103P 010001001301476520130147652  0000000093191511  0000000000093191507201700000000001167800000 02N060720173000000000000000000000000000000000000000000000000000000000000000000000000000000000000000000000000009319000300000           
0330001300104Q 011000008009875864ELZA FELIX DOS SANTOS                   RUA GREGORIO DE MATOS GUERRA, 76        BAIRRO CASAS   09850040SAO B DO CAMPO SP0000000000000000                                        000000000000                   
0330001300105P 010001001301476520130147652  0000000093564511  0000000000093561507201700000000002210600000 02N060720173000000000000000000000000000000000000000000000000000000000000000000000000000000000000000000000000009356000300000           
0330001300106Q 011000025999769876CLAUDIA VIEIRA MOTA                     R TELEMENEZES 117                       JD SILVINIA    09791160SAO B DO CAMPO SP0000000000000000                                        000000000000                   
0330001300107P 010001001301476520130147652  0000000093572511  0000000000093571507201700000000003840000000 02N060720173000000000000000000000000000000000000000000000000000000000000000000000000000000000000000000000000009357000300000           
0330001300108Q 011000014067824831JOSE CARLOS ALVES DA SILVA              ESTRADA SAO FRANCISC,1668,APTO.96 BL. 02JD ENRIQUETA   06764290TABOAO DA SERRASP0000000000000000                                        000000000000                   
0330001300109P 010001001301476520130147652  0000000093581511  0000000000093581507201700000000004277100000 02N060720173000000000000000000000000000000000000000000000000000000000000000000000000000000000000000000000000009358000300000           
0330001300110Q 011000006113811840RAQUEL DE CASTRO COTTING                RUA GERMANIA, 1221                      PQ NOV ORATORIO09260250STO ANDRE      SP0000000000000000                                        000000000000                   
0330001300111P 010001001301476520130147652  0000000093599511  0000000000093591507201700000000007326200000 02N060720173000000000000000000000000000000000000000000000000000000000000000000000000000000000000000000000000009359000300000           
0330001300112Q 011000005773898829MARIA APARECIDA MAZAIA                  TRAV ITAPOLIS, 16                       V F MATARAZZO  09240550STO ANDRE      SP0000000000000000                                        000000000000                   
0330001300113P 010001001301476520130147652  0000000093602511  0000000000093601507201700000000004277000000 02N060720173000000000000000000000000000000000000000000000000000000000000000000000000000000000000000000000000009360000300000           
0330001300114Q 011000009256803895VERA ALICE DE LIMA                      RUA GIUSEPPE ULIANI, S/N CASA 206       JD QUATRO MARIA09820160SAO B DO CAMPO SP0000000000000000                                        000000000000                   
0330001300115P 010001001301476520130147652  0000000092959511  0000000000092951507201700000000000535900000 02N060720173000000000000000000000000000000000000000000000000000000000000000000000000000000000000000000000000009295000300000           
0330001300116Q 011000015639490837LUCIANO DE LIMA DOS SANTOS              RUA MIGUEL GALINDO NAVARRO437 CASA7     JD ARAGUAIA    09371335MAUA           SP0000000000000000                                        000000000000                   
0330001300117P 010001001301476520130147652  0000000092797511  0000000000092791507201700000000000649200000 02N060720173000000000000000000000000000000000000000000000000000000000000000000000000000000000000000000000000009279000300000           
0330001300118Q 011000007411862843JOSELIO OLIVEIRA SANTOS                 R ANTONIO RAPOSSO BARRETO, 31 BL 04,32  JD DAS FLORES  04904170SAO PAULO      SP0000000000000000                                        000000000000                   
0330001300119P 010001001301476520130147652  0000000093611511  0000000000093611507201700000000010939600000 02N060720173000000000000000000000000000000000000000000000000000000000000000000000000000000000000000000000000009361000300000           
0330001300120Q 011000008647742818FATIMA A F GIANCATERINO                 R BRASILIO MACHADO, 173 AP62 6ANDAR     CENTRO         09715140SAO B DO CAMPO SP0000000000000000                                        000000000000                   
0330001300121P 010001001301476520130147652  0000000093211511  0000000000093211507201700000000001845000000 02N060720173000000000000000000000000000000000000000000000000000000000000000000000000000000000000000000000000009321000300000           
0330001300122Q 011000005539961854MARIA APARECIDA MALTA                   R ACUCENA, 1017                         JD DAS FLORES  06110160OSASCO         SP0000000000000000                                        000000000000                   
0330001300123P 010001001301476520130147652  0000000093629511  0000000000093621507201700000000014316400000 02N060720173000000000000000000000000000000000000000000000000000000000000000000000000000000000000000000000000009362000300000           
0330001300124Q 011000082913692834JOSE RUBENS QUADRADO                    AV BRIG MANOEL R JORDAO, 347            JD SILVEIRA    06433010BARUERI        SP0000000000000000                                        000000000000                   
0330001300125P 010001001301476520130147652  0000000092932511  0000000000092931507201700000000001620500000 02N060720173000000000000000000000000000000000000000000000000000000000000000000000000000000000000000000000000009293000300000           
0330001300126Q 011000014626502873ROSELI CRISTINA MARTINS                 AV SARA LIRLIS, 222 BL 05 AP 1001       VL GESTOMAR    09130220STO ANDRE      SP0000000000000000                                        000000000000                   
0330001300127P 010001001301476520130147652  0000000093637511  0000000000093631507201700000000007849200000 02N060720173000000000000000000000000000000000000000000000000000000000000000000000000000000000000000000000000009363000300000           
0330001300128Q 011000016102175867ANA PAULA BARBOSA SOUZA                 AV DR ALBERTO JACKSON BRI,BLOCO 04 - 24 VL MENK        06273050OSASCO         SP0000000000000000                                        000000000000                   
0330001300129P 010001001301476520130147652  0000000092789511  0000000000092781507201700000000000385600000 02N060720173000000000000000000000000000000000000000000000000000000000000000000000000000000000000000000000000009278000300000           
0330001300130Q 011000025625236879MARCELO DE OLIVEIRA BONETTI             R CARLOS MARIGUELA, 352                 JD TEREZA      02875000SAO PAULO      SP0000000000000000                                        000000000000                   
0330001300131P 010001001301476520130147652  0000000093645511  0000000000093641507201700000000010041700000 02N060720173000000000000000000000000000000000000000000000000000000000000000000000000000000000000000000000000009364000300000           
0330001300132Q 011000001121330886MARIA LUCIA DE FATIMA                   R DR.IGNACIO PROENCA DE GOUVEIA,911     CASA VERDE     02534010SAO PAULO      SP0000000000000000                                        000000000000                   
0330001300133P 010001001301476520130147652  0000000093653511  0000000000093651507201700000000004307900000 02N060720173000000000000000000000000000000000000000000000000000000000000000000000000000000000000000000000000009365000300000           
0330001300134Q 011000021442382864ADRIANA CRISTINA BOLDRIN                R PAPA PAULO VI, 200 AP 43 ED SANTO     JD IRAJA       09781250SAO B DO CAMPO SP0000000000000000                                        000000000000                   
0330001300135P 010001001301476520130147652  0000000093661511  0000000000093661507201700000000003841400000 02N060720173000000000000000000000000000000000000000000000000000000000000000000000000000000000000000000000000009366000300000           
0330001300136Q 011000009737924851VERA LOPES DA SILVA                     RUA EMILIO RIBAS,210                    VILA APIAI     09185380SANTO ANDRE    SP0000000000000000                                        000000000000                   
0330001300137P 010001001301476520130147652  0000000093671511  0000000000093671507201700000000013202700000 02N060720173000000000000000000000000000000000000000000000000000000000000000000000000000000000000000000000000009367000300000           
0330001300138Q 011000025790828833MARIA DE FATIMA A P MENDRIGO            AV JOSE ESTEVAS DE MAGALHA,BLOCO 51 - B JABAQUARA      04332050SAO PAULO      SP0000000000000000                                        000000000000                   
0330001300139P 010001001301476520130147652  0000000093688511  0000000000093681507201700000000010898300000 02N060720173000000000000000000000000000000000000000000000000000000000000000000000000000000000000000000000000009368000300000           
0330001300140Q 011000019241729848ELAINE MIRANDA ZEFERINO                 RUA PATRICIA GALVAO, 20                 POR DO SOL     09951496DIADEMA        SP0000000000000000                                        000000000000                   
0330001300141P 010001001301476520130147652  0000000093696511  0000000000093691507201700000000002946400000 02N060720173000000000000000000000000000000000000000000000000000000000000000000000000000000000000000000000000009369000300000           
0330001300142Q 011000011238251811VERA APARECIDA DAMACENO                 R MARIA JOANA ROSA , 96                 JD DE ABRIL    06040040OSASCO         SP0000000000000000                                        000000000000                   
0330001300143P 010001001301476520130147652  0000000093701511  0000000000093701507201700000000006586100000 02N060720173000000000000000000000000000000000000000000000000000000000000000000000000000000000000000000000000009370000300000           
0330001300144Q 011000008368028884CLAUDIO DOMINGUES                       ESTRADA DE ITAPECERICA,1528,APTO 64 BL 1VILA PREL      05835004SAO PAULO      SP0000000000000000                                        000000000000                   
0330001300145P 010001001301476520130147652  0000000093718511  0000000000093711507201700000000004380300000 02N060720173000000000000000000000000000000000000000000000000000000000000000000000000000000000000000000000000009371000300000           
0330001300146Q 011000011963826892NADIR CRISTINA DA SILVA                 R DIOGO BOTELHO, 80                     JD ALBA CASA GR09963060DIADEMA        SP0000000000000000                                        000000000000                   
0330001300147P 010001001301476520130147652  0000000093726511  0000000000093721507201700000000003841400000 02N060720173000000000000000000000000000000000000000000000000000000000000000000000000000000000000000000000000009372000300000           
0330001300148Q 011000008209168894MARIA DE FATIMA DOS SANTOS              R NICOLAU SINGER, 27                    DEMARCHE       09820310S B CAMPO      SP0000000000000000                                        000000000000                   
0330001300149P 010001001301476520130147652  0000000093734511  0000000000093731507201700000000003840400000 02N060720173000000000000000000000000000000000000000000000000000000000000000000000000000000000000000000000000009373000300000           
0330001300150Q 011000006554238859LILIANE CRISTINE ROSA                   R JOSE PALOMINO, 53                     VILA SILVIA    03280020SAO PAULO      SP0000000000000000                                        000000000000                   
0330001300151P 010001001301476520130147652  0000000093122511  0000000000093121507201700000000002216000000 02N060720173000000000000000000000000000000000000000000000000000000000000000000000000000000000000000000000000009312000300000           
0330001300152Q 011000029020905872ELIZABETH MYRIAM TEIXEIRA DA COSTA      R APARECIDA TEODORO DE CARVALHO,20      JACANA         02273020SAO PAULO      SP0000000000000000                                        000000000000                   
0330001300153P 010001001301476520130147652  0000000092801511  0000000000092801507201700000000002132900000 02N060720173000000000000000000000000000000000000000000000000000000000000000000000000000000000000000000000000009280000300000           
0330001300154Q 011000018476130805ED CARLOS FERREIRA LIMA                 RUA PROF ANTONIO AUSTRAGESIL,177,CASA 15JARDIM BOA ESPE05867000SAO PAULO      SP0000000000000000                                        000000000000                   
0330001300155P 010001001301476520130147652  0000000093742511  0000000000093741507201700000000006337100000 02N060720173000000000000000000000000000000000000000000000000000000000000000000000000000000000000000000000000009374000300000           
0330001300156Q 011000005814188839SERGIO PINTO DE BARROS                  RUA BARIRI, 423 AP 07                   PQ PARAISO     06850430ITA SERRA      SP0000000000000000                                        000000000000                   
0330001300157P 010001001301476520130147652  0000000093092511  0000000000093091507201700000000009530800000 02N060720173000000000000000000000000000000000000000000000000000000000000000000000000000000000000000000000000009309000300000           
0330001300158Q 011000003610817828NEUSA DAS GRACAS MARTINS                R ALEXANDRE RAPIN, 23 AP 92             JD CELESTE     04195110SAO PAULO      SP0000000000000000                                        000000000000                   
0330001300159P 010001001301476520130147652  0000000093157511  0000000000093151507201700000000002329100000 02N060720173000000000000000000000000000000000000000000000000000000000000000000000000000000000000000000000000009315000300000           
0330001300160Q 011000022266895834LEOPOLDINA DE ALMEIDA COUTO             R PRESIDENTE DUTRA, 36 AP 27            VL EUCLIDES    09725530SAO B DO CAMPO SP0000000000000000                                        000000000000                   
0330001300161P 010001001301476520130147652  0000000093203511  0000000000093201507201700000000001167800000 02N060720173000000000000000000000000000000000000000000000000000000000000000000000000000000000000000000000000009320000300000           
0330001300162Q 011000006104664881SUELI MARIA DA SILVA SA                 RUA CRISTIANO ANGELI,1596               ASSUNCAO       09812601SAO BERNARDO DOSP0000000000000000                                        000000000000                   
0330001300163P 010001001301476520130147652  0000000092916511  0000000000092911507201700000000001209600000 02N060720173000000000000000000000000000000000000000000000000000000000000000000000000000000000000000000000000009291000300000           
0330001300164Q 011000014906504825DIONISIO LEITE RIBEIRO                  R ENI ALVES SOUZA LEITE, 51             JD STA MARGARID11111111SAO PAULO      SP0000000000000000                                        000000000000                   
0330001300165P 010001001301476520130147652  0000000093751511  0000000000093751507201700000000004277000000 02N060720173000000000000000000000000000000000000000000000000000000000000000000000000000000000000000000000000009375000300000           
0330001300166Q 011000026655583861MARIA HELENA FERREIRA COSTA             R EDUARDO LOBO, 194                     PQ IMPERIAL    04302090SAO PAULO      SP0000000000000000                                        000000000000                   
0330001300167P 010001001301476520130147652  0000000093769511  0000000000093761507201700000000002587800000 02N060720173000000000000000000000000000000000000000000000000000000000000000000000000000000000000000000000000009376000300000           
0330001300168Q 011000026039111801REGIS ELOY LOPES DE OLIVEIRA            R PAPA PAULO VI, 200 AP 43              JD IRAJA       09781250SAO B DO CAMPO SP0000000000000000                                        000000000000                   
0330001300169P 010001001301476520130147652  0000000093777511  0000000000093771507201700000000004474600000 02N060720173000000000000000000000000000000000000000000000000000000000000000000000000000000000000000000000000009377000300000           
0330001300170Q 011000001154017842ZILDA MARIA DA ROCHA DE MOURA           RUA PROFESSOR THOMAZ DE AQUINO,403      JARDIM MARIA ES04180110SAO PAULO      SP0000000000000000                                        000000000000                   
0330001300171P 010001001301476520130147652  0000000093785511  0000000000093781507201700000000005540400000 02N060720173000000000000000000000000000000000000000000000000000000000000000000000000000000000000000000000000009378000300000           
0330001300172Q 011000025134977836GLORIA ALVES DE SOUZA                   R ROLANDO GAMBINI, 56                   ASSUNCAO       09811130SAO B DO CAMPO SP0000000000000000                                        000000000000                   
0330001300173P 010001001301476520130147652  0000000093041511  0000000000093041507201700000000001827900000 02N060720173000000000000000000000000000000000000000000000000000000000000000000000000000000000000000000000000009304000300000           
0330001300174Q 011000099741644868MARLI RODRIGUES SILVA                   R MANOEL GARCIA BERNARDES, 125          VL JOANIZA     04403260SAO PAULO      SP0000000000000000                                        000000000000                   
0330001300175P 010001001301476520130147652  0000000093793511  0000000000093791507201700000000006691900000 02N060720173000000000000000000000000000000000000000000000000000000000000000000000000000000000000000000000000009379000300000           
0330001300176Q 011000004916195884LUCIA HELENA MARTINEZ                   R FREDERICO VON MARTIUS, 255 AP 91      V MONUMENTO    01548010SAO PAULO      SP0000000000000000                                        000000000000                   
0330001300177P 010001001301476520130147652  0000000093807511  0000000000093801507201700000000003840400000 02N060720173000000000000000000000000000000000000000000000000000000000000000000000000000000000000000000000000009380000300000           
0330001300178Q 011000012522543857MARIA NOELY DE ALMEIDA SALES            R POTI, 10                              JD CRISPIM     06866180ITAP SERRA     SP0000000000000000                                        000000000000                   
0330001300179P 010001001301476520130147652  0000000092843511  0000000000092841507201700000000000385600000 02N060720173000000000000000000000000000000000000000000000000000000000000000000000000000000000000000000000000009284000300000           
0330001300180Q 011000025448572855ANA CLAUDIA DA CUNHA RIBEIRO            RUA ADOLFO REILE,286,APTO 31B           JD CELESTE     04195070SAO PAULO      SP0000000000000000                                        000000000000                   
0330001300181P 010001001301476520130147652  0000000093815511  0000000000093811507201700000000003342500000 02N060720173000000000000000000000000000000000000000000000000000000000000000000000000000000000000000000000000009381000300000           
0330001300182Q 011000025080704837ERICA MARSON MACHADO                    TRAVESSA BENIAMINO GIGLI,116,APTO 22    JARDIM NASCIMEN09771330SAO BERNARDO DOSP0000000000000000                                        000000000000                   
0330001300183P 010001001301476520130147652  0000000093823511  0000000000093821507201700000000005540100000 02N060720173000000000000000000000000000000000000000000000000000000000000000000000000000000000000000000000000009382000300000           
0330001300184Q 011000025081040860FLAVIA MARTINS                          R FRANCISCO VISENTAINER,549 AP2121      ASSUNCAO       09861630SAO B DO CAMPO SP0000000000000000                                        000000000000                   
0330001300185P 010001001301476520130147652  0000000093181511  0000000000093181507201700000000001113900000 02N060720173000000000000000000000000000000000000000000000000000000000000000000000000000000000000000000000000009318000300000           
0330001300186Q 011000002890927873ROSELI RODRIGUES ALBARELLA              RUA DAS PAPOULAS,109                    DEMARCHI       09820510SAO B DO CAMPO SP0000000000000000                                        000000000000                   
0330001300187P 010001001301476520130147652  0000000093831511  0000000000093831507201700000000006691900000 02N060720173000000000000000000000000000000000000000000000000000000000000000000000000000000000000000000000000009383000300000           
0330001300188Q 011000005354701856ADENAIDE MARINHEIRO DE LIMA             RUA LAGOINHA DE LESTE,222               JD CECI        02872060SAO PAULO      SP0000000000000000                                        000000000000                   
0330001300189P 010001001301476520130147652  0000000093841511  0000000000093841507201700000000019456700000 02N060720173000000000000000000000000000000000000000000000000000000000000000000000000000000000000000000000000009384000300000           
0330001300190Q 011000014422490800MARCOS ANTONIO TORRES                   R COLONIA LEOPOLDINA, 193 AP 14         ERM.MATARAZO   03821020SAO PAULO      SP0000000000000000                                        000000000000                   
0330001300191P 010001001301476520130147652  0000000092941511  0000000000092941507201700000000000503300000 02N060720173000000000000000000000000000000000000000000000000000000000000000000000000000000000000000000000000009294000300000           
0330001300192Q 011000028668694863ALINE ARAUJO DINIZ                      R CUZCO, 217                            JD SAULO ALBERT09260280SAO PAULO      SP0000000000000000                                        000000000000                   
0330001300193P 010001001301476520130147652  0000000093858511  0000000000093851507201700000000002587800000 02N060720173000000000000000000000000000000000000000000000000000000000000000000000000000000000000000000000000009385000300000           
0330001300194Q 011000021476970874PATRICIA DA CONCEICAO DE MELO           R GOIAS, 104                            PQ DAS FONTES  09430480RIBEIRAO PIRES SP0000000000000000                                        000000000000                   
0330001300195P 010001001301476520130147652  0000000092861511  0000000000092861507201700000000000581000000 02N060720173000000000000000000000000000000000000000000000000000000000000000000000000000000000000000000000000009286000300000           
0330001300196Q 011000068544235700SANDRA MARIA DE SOUZA ARAUJO            R DR ZUQUIM, 472 AP 07                  SANTANA        02035020SAO PAULO      SP0000000000000000                                        000000000000                   
0330001300197P 010001001301476520130147652  0000000093866511  0000000000093861507201700000000003840000000 02N060720173000000000000000000000000000000000000000000000000000000000000000000000000000000000000000000000000009386000300000           
0330001300198Q 011000012820191800MARCIO A VIAN MOURAO                    R DR PAULO RIBEIRO COELHO, 172          RIO PEQUENO    05374000SAO PAULO      SP0000000000000000                                        000000000000                   
0330001300199P 010001001301476520130147652  0000000093874511  0000000000093871507201700000000010167000000 02N060720173000000000000000000000000000000000000000000000000000000000000000000000000000000000000000000000000009387000300000           
0330001300200Q 011000007338804877CLAUDIO DOS SANTOS SILVA                FRANCISCO SOLER, 427                    JD PIRITUBA    05143280SAO PAULO      SP0000000000000000                                        000000000000                   
0330001300201P 010001001301476520130147652  0000000093882511  0000000000093881507201700000000003839800000 02N060720173000000000000000000000000000000000000000000000000000000000000000000000000000000000000000000000000009388000300000           
0330001300202Q 011000063592487515MARYLAN RODRIGUES PEREIRA SANCHES       RUA PRINCESA LEOPOLDINA, 574            ALTO DA LAPA   05081090SAO PAULO      SP0000000000000000                                        000000000000                   
0330001300203P 010001001301476520130147652  0000000093891511  0000000000093891507201700000000004397900000 02N060720173000000000000000000000000000000000000000000000000000000000000000000000000000000000000000000000000009389000300000           
0330001300204Q 011000007374465874MARIA EDNA SANTOS                       RUA SIRIOS,355                          ANCHIETA       09606100SAO B DO CAMPO SP0000000000000000                                        000000000000                   
0330001300205P 010001001301476520130147652  0000000093904511  0000000000093901507201700000000008365200000 02N060720173000000000000000000000000000000000000000000000000000000000000000000000000000000000000000000000000009390000300000           
0330001300206Q 011000010158096851ELIANA MARIA LINS                       R ITAICI, 315 AP 123                    STA TEREZINHA  02460030SAO PAULO      SP0000000000000000                                        000000000000                   
0330001300207P 010001001301476520130147652  0000000093912511  0000000000093911507201700000000008365400000 02N060720173000000000000000000000000000000000000000000000000000000000000000000000000000000000000000000000000009391000300000           
0330001300208Q 011000007104506802RAIMUNDO ALVES DA SILVA                 RUA MANDACARU 102                       JD NOV ESPERANC07956020FRANC. MORATO  SP0000000000000000                                        000000000000                   
0330001300209P 010001001301476520130147652  0000000093921511  0000000000093921507201700000000016858000000 02N060720173000000000000000000000000000000000000000000000000000000000000000000000000000000000000000000000000009392000300000           
0330001300210Q 011000015213321852LIDIA MARIA M WAILEMANN                 ESTRADA VELHA DA PENHA, 265 BL,BLOCO 83 TATUAPE        03090020SAO PAULO      SP0000000000000000                                        000000000000                   
0330001300211P 010001001301476520130147652  0000000093939511  0000000000093931507201700000000002555700000 02N060720173000000000000000000000000000000000000000000000000000000000000000000000000000000000000000000000000009393000300000           
0330001300212Q 011000025532185832FABIO DE LUNA REIS                      R JOSE ELIAS DE ALMEIDA, 821            JD ROBRU       08150230SAO PAULO      SP0000000000000000                                        000000000000                   
0330001300213P 010001001301476520130147652  0000000093947511  0000000000093941507201700000000006399300000 02N060720173000000000000000000000000000000000000000000000000000000000000000000000000000000000000000000000000009394000300000           
0330001300214Q 011000008887711852MARIA RITA PAULINO DO NASCIMENTO        R NOSSA SRA DOS MESES, 867 AP12,BLOCO A VL DAS MESES   04165001SAO PAULO      SP0000000000000000                                        000000000000                   
0330001300215P 010001001301476520130147652  0000000092886511  0000000000092881507201700000000000485400000 02N060720173000000000000000000000000000000000000000000000000000000000000000000000000000000000000000000000000009288000300000           
0330001300216Q 011000018556791832VALERIA DE PAULA SAADS                  RUA HERMES DE OLIVEIRA, 33              VL QUINTAUNA   06080120OSASCO         SP0000000000000000                                        000000000000                   
0330001300217P 010001001301476520130147652  0000000093955511  0000000000093951507201700000000003829400000 02N060720173000000000000000000000000000000000000000000000000000000000000000000000000000000000000000000000000009395000300000           
0330001300218Q 011000014010864893MARIA INEZ CELLA                        AV PEDRO II, 3179                       CAMPESTRE      09080111STO ANDRE      SP0000000000000000                                        000000000000                   
0330001300219P 010001001301476520130147652  0000000093963511  0000000000093961507201700000000011036100000 02N060720173000000000000000000000000000000000000000000000000000000000000000000000000000000000000000000000000009396000300000           
0330001300220Q 011000005369111855JULIO VICENTE DE SOUZA                  R DR MARINHO DE ANDRADE, 158 FUNDOS     JD JAMAICA     05743170SAO PAULO      SP0000000000000000                                        000000000000                   
0330001300221P 010001001301476520130147652  0000000092975511  0000000000092971507201700000000000485400000 02N060720173000000000000000000000000000000000000000000000000000000000000000000000000000000000000000000000000009297000300000           
0330001300222Q 011000019259245800SONIA REGINA ESTEVEM DA SILVA           R TIRADENTES, 1837 BL 02 AP 27          STA TEREZINHA  09781220SAO B DO CAMPO SP0000000000000000                                        000000000000                   
0330001300223P 010001001301476520130147652  0000000093971511  0000000000093971507201700000000008444800000 02N060720173000000000000000000000000000000000000000000000000000000000000000000000000000000000000000000000000009397000300000           
0330001300224Q 011000010705824845EDNA CRISTINA DE OLIVEIRA ELIAS         AV JOSE ODORIZZI, 2471 BL 9 AP23        PQ DOS PASSAROS09851007SAO B DO CAMPO SP0000000000000000                                        000000000000                   
0330001300225P 010001001301476520130147652  0000000093981511  0000000000093981507201700000000010926700000 02N060720173000000000000000000000000000000000000000000000000000000000000000000000000000000000000000000000000009398000300000           
0330001300226Q 011000007254933803ELIZETE CARVALHO DE ANDRADE             AL DOM PEDRO DE ALCANTARA, 584          N PETROPOLIS   09771281SAO B DO CAMPO SP0000000000000000                                        000000000000                   
0330001300227P 010001001301476520130147652  0000000093998511  0000000000093991507201700000000002130200000 02N060720173000000000000000000000000000000000000000000000000000000000000000000000000000000000000000000000000009399000300000           
0330001300228Q 011000026381725885CLEITON PODADERA BECHFLANI              R GONCALVES DIAS, 325                   JD PORTUGAL    09715160SAO B CAMPO    SP0000000000000000                                        000000000000                   
0330001300229P 010001001301476520130147652  0000000094005511  0000000000094001507201700000000004265000000 02N060720173000000000000000000000000000000000000000000000000000000000000000000000000000000000000000000000000009400000300000           
0330001300230Q 011000009990318808RAQUEL ZAMBIANCO DE MORAES              RUA IPE ,300,BL.26 APTO.12              JD ESTRELA     09340570MAUA           SP0000000000000000                                        000000000000                   
0330001300231P 010001001301476520130147652  0000000094013511  0000000000094011507201700000000004264600000 02N060720173000000000000000000000000000000000000000000000000000000000000000000000000000000000000000000000000009401000300000           
0330001300232Q 011000011407486888RICHARD CERCHIARI                       RUA ISABEL SPINA PERELLA, 246           GUARULHOS      07031040GUARULHOS      SP0000000000000000                                        000000000000                   
0330001300233P 010001001301476520130147652  0000000092878511  0000000000092871507201700000000000845800000 02N060720173000000000000000000000000000000000000000000000000000000000000000000000000000000000000000000000000009287000300000           
0330001300234Q 011000058779388272VINICIO BELO DE SOUZA JUNIOR            R DR CINCINATO BRAGA, 691 BL 01,AP51    PLANALTO       09690300S B DO CAMPO   SP0000000000000000                                        000000000000                   
0330001300235P 010001001301476520130147652  0000000094021511  0000000000094021507201700000000004681600000 02N060720173000000000000000000000000000000000000000000000000000000000000000000000000000000000000000000000000009402000300000           
0330001300236Q 011000073801208672DARCILIA MARIA TEIXEIRA                 RUA BARRETOS,203                        JARDIM ORATORIO09381130MAUA           SP0000000000000000                                        000000000000                   
0330001300237P 010001001301476520130147652  0000000094031511  0000000000094031507201700000000006136200000 02N060720173000000000000000000000000000000000000000000000000000000000000000000000000000000000000000000000000009403000300000           
0330001300238Q 011000014209208809RENALDO ZAMBONI DE SALLES               RUA PIRATININGA, 477 BL1 AP 173         BRAS           03042001SAO PAULO      SP0000000000000000                                        000000000000                   
0330001300239P 010001001301476520130147652  0000000094048511  0000000000094041507201700000000004265100000 02N060720173000000000000000000000000000000000000000000000000000000000000000000000000000000000000000000000000009404000300000           
0330001300240Q 011000007451298892ARLETE DA SILVA                         R BARTOLOMEU DE GUSMAO, 70 AP 94,BLA    V SAO FRANCISCO09310680MAUA           SP0000000000000000                                        000000000000                   
0330001300241P 010001001301476520130147652  0000000092908511  0000000000092901507201700000000000369900000 02N060720173000000000000000000000000000000000000000000000000000000000000000000000000000000000000000000000000009290000300000           
0330001300242Q 011000016691615875GLEICE CRISTINE LEOCADIO                R STA GREGORIA, 213                     CIDADE DUTRA   04806030SAO PAULO      SP0000000000000000                                        000000000000                   
0330001300243P 010001001301476520130147652  0000000092835511  0000000000092831507201700000000000369900000 02N060720173000000000000000000000000000000000000000000000000000000000000000000000000000000000000000000000000009283000300000           
0330001300244Q 011000019481186881ADRIANA ALVES GOMES                     RUA CAMPO SANTO, 180 AP 24 BL2          PQ DAS NACOES  00928195SANTO ANDRE    SP0000000000000000                                        000000000000                   
0330001300245P 010001001301476520130147652  0000000092924511  0000000000092921507201700000000000485400000 02N060720173000000000000000000000000000000000000000000000000000000000000000000000000000000000000000000000000009292000300000           
0330001300246Q 011000017321179850ELAINE CRISTINA DIAS MONTEIRO           R LUCAS DE CAMARGO, 105                 VL INDUSTRIAL  03257130SAO PAULO      SP0000000000000000                                        000000000000                   
0330001300247P 010001001301476520130147652  0000000092819511  0000000000092811507201700000000000485400000 02N060720173000000000000000000000000000000000000000000000000000000000000000000000000000000000000000000000000009281000300000           
0330001300248Q 011000024829902892APARECIDA SILVA                         R SILVIO BARBINI, 212 AP 33C            ITAQUERA       08250650SAO PAULO      SP0000000000000000                                        000000000000                   
0330001300249P 010001001301476520130147652  0000000092771511  0000000000092771507201700000000000368900000 02N060720173000000000000000000000000000000000000000000000000000000000000000000000000000000000000000000000000009277000300000           
0330001300250Q 011000027527671882ANDERSON AUGUSTO DOS SANTOS             HIMALAIA 459 APTO 03                    PQ NOV ORATORIO09270430STOP ANDRE     SP0000000000000000                                        000000000000                   
0330001300251P 010001001301476520130147652  0000000094056511  0000000000094051507201700000000004200000000 02N060720173000000000000000000000000000000000000000000000000000000000000000000000000000000000000000000000000009405000300000           
0330001300252Q 011000033355198846ALINE PENHA DOS SANTOS                  RUA CUBATAO, 77                         BAETA NEVES    09760440S B CAMPO      SP0000000000000000                                        000000000000                   
0330001300253P 010001001301476520130147652  0000000094064511  0000000000094061507201700000000014304700000 02N060720173000000000000000000000000000000000000000000000000000000000000000000000000000000000000000000000000009406000300000           
0330001300254Q 011000068397836853SILVIA LUCAS P DE SOUZA                 RUA CAMPOS SALLES, 219                  VL STA TEREZINA09770190SAO B CAMPO    SP0000000000000000                                        000000000000                   
0330001300255P 010001001301476520130147652  0000000094072511  0000000000094071507201700000000014304400000 02N060720173000000000000000000000000000000000000000000000000000000000000000000000000000000000000000000000000009407000300000           
0330001300256Q 011000053708369815PERCIVAL BATISTA DE HOLANDA             R BAROEL, 83 AP 11                      CENTRO         08675000SUZANO         SP0000000000000000                                        000000000000                   
0330001300257P 010001001301476520130147652  0000000093131511  0000000000093131507201700000000008349600000 02N060720173000000000000000000000000000000000000000000000000000000000000000000000000000000000000000000000000009313000300000           
0330001300258Q 011000000380692880ANALICE MARIA T DE OLIVEIRA             R TANGER 319                            PQ N ORATORIO  09251140STO ANDRE      SP0000000000000000                                        000000000000                   
0330001300259P 010001001301476520130147652  0000000094081511  0000000000094081507201700000000003828400000 02N060720173000000000000000000000000000000000000000000000000000000000000000000000000000000000000000000000000009408000300000           
0330001300260Q 011000014683305860WANDERLEY FRANCISCO DA SILVA            R JOAQUIM ESPINOSA, 221 CASA 06         J SAO LUIZ     05812070SAO PAULO      SP0000000000000000                                        000000000000                   
0330001300261P 010001001301476520130147652  0000000094099511  0000000000094091507201700000000006388600000 02N060720173000000000000000000000000000000000000000000000000000000000000000000000000000000000000000000000000009409000300000           
0330001300262Q 011000007639006805SILVANA APARECIDA DE SOUZA              RUA JOAO MARIANO FRANCO,226             ALTO DA BOA VIS08715650MOGI DAS CRUZESSP0000000000000000                                        000000000000                   
0330001300263P 010001001301476520130147652  0000000094102511  0000000000094101507201700000000003890700000 02N060720173000000000000000000000000000000000000000000000000000000000000000000000000000000000000000000000000009410000300000           
0330001300264Q 011000001430943866MARISALVA BRITO N NASCIMENTO            R CAPIVARI, 465 CS 02                   PQ LUIZA       06816160EMBU DAS ARTES SP0000000000000000                                        000000000000                   
0330001300265P 010001001301476520130147652  0000000093084511  0000000000093081507201700000000002218600000 02N060720173000000000000000000000000000000000000000000000000000000000000000000000000000000000000000000000000009308000300000           
0330001300266Q 011000000851347835ELISABETE FERREIRA GARCIA               RUA TUPI, 160 AP 23                     CERAMICA       09530530SAO CAETANO DOLSP0000000000000000                                        000000000000                   
0330001300267P 010001001301476520130147652  0000000094111511  0000000000094111507201700000000004325700000 02N060720173000000000000000000000000000000000000000000000000000000000000000000000000000000000000000000000000009411000300000           
0330001300268Q 011000005116458806IDEVALDO BARBOSA CAMPELO                R MARNE, 309                            VL CAPELA      04415090SAO PAULO      SP0000000000000000                                        000000000000                   
0330001300269P 010001001301476520130147652  0000000094129511  0000000000094121507201700000000004326400000 02N060720173000000000000000000000000000000000000000000000000000000000000000000000000000000000000000000000000009412000300000           
0330001300270Q 011000001457584867WAGNER PADUAN                           AV BENJAMIN HARRIS HUNNI,BLOCO 9 - AP42 VL RIO DE JANEI07124000GUARULHOS      SP0000000000000000                                        000000000000                   
0330001300271P 010001001301476520130147652  0000000092991511  0000000000092991507201700000000007277100000 02N060720173000000000000000000000000000000000000000000000000000000000000000000000000000000000000000000000000009299000300000           
0330001300272Q 011000099753405804ZULEIDE FERREIRA DOS SANTOS             RUA ANA MARIA TV.SAO JUDAS, 11          VL MARIANA     09780630SAO B DO CAMPO SP0000000000000000                                        000000000000                   
0330001300273P 010001001301476520130147652  0000000094137511  0000000000094131507201700000000012819500000 02N060720173000000000000000000000000000000000000000000000000000000000000000000000000000000000000000000000000009413000300000           
0330001300274Q 011000008263016819MARINA RIBEIRO AVELINO                  E ESTEVAO JORDAN, 254 AP 931            JD MONICA      05861300SAO PAULO      SP0000000000000000                                        000000000000                   
0330001300275P 010001001301476520130147652  0000000094161511  0000000000094161507201700000000006461300000 02N060720173000000000000000000000000000000000000000000000000000000000000000000000000000000000000000000000000009416000300000           
0330001300276Q 011000005320093802RENATO MATEUS DOS SANTOS                RUA ITALIA 68                           JD ORIENTAL    06033060SAO PAULO      SP0000000000000000                                        000000000000                   
0330001300277P 010001001301476520130147652  0000000094153511  0000000000094151507201700000000003889100000 02N060720173000000000000000000000000000000000000000000000000000000000000000000000000000000000000000000000000009415000300000           
0330001300278Q 011000012898603864MARCIO MELHADOS                         R WOLSTEIN, 116 A                       VL GRANADA     03623010SAO PAULO      SP0000000000000000                                        000000000000                   
0330001300279P 010001001301476520130147652  0000000094145511  0000000000094141507201700000000006461300000 02N060720173000000000000000000000000000000000000000000000000000000000000000000000000000000000000000000000000009414000300000           
0330001300280Q 011000006788635803JANE RODRIGUES RIBEIRO                  R VITORIO TAFARELLO, 54                 VL QUINTAUNA   06192150OSASCO         SP0000000000000000                                        000000000000                   
0330001300281P 010001001301476520130147652  0000000094171511  0000000000094171507201700000000004326300000 02N060720173000000000000000000000000000000000000000000000000000000000000000000000000000000000000000000000000009417000300000           
0330001300282Q 011000011445735806JOAQUIM JOSE R JUNIOR                   R JOSEPHINA LIUZZI DE MOR,BLOCO A - 310 J MARIA ROSA   06763140TABOAO DA SERRASP0000000000000000                                        000000000000                   
0330001300283P 010001001301476520130147652  0000000094188511  0000000000094181507201700000000003890700000 02N060720173000000000000000000000000000000000000000000000000000000000000000000000000000000000000000000000000009418000300000           
0330001300284Q 011000089928172820ANA IRES SANTOS SILVA                   PASSAGEM BRENO CALDAS, 27               VL CAMPO GRANDE04447025SAO PAULO      SP0000000000000000                                        000000000000                   
0330001300285P 010001001301476520130147652  0000000093106511  0000000000093101507201700000000000509200000 02N060720173000000000000000000000000000000000000000000000000000000000000000000000000000000000000000000000000009310000300000           
0330001300286Q 011000002214941894CELSO HYMALAIA DA CONCEICAO             RUAS DOS COQUEIROS, 665 AP 16           CAMPESTRE      09080010STO ANDRE      SP0000000000000000                                        000000000000                   
03300015         000288                                                                                                                                                                                                                         
03399999         000001000290                                                                                                                                                                                                                   