03300000        2049938327000106000100001201344                         UBRASP - UNIAO BRASILEIRA     Banco Santander                         111042017      000079040                                                                          
03300011R01  030 2049938327000106                    000100001201344     UBRASP - UNIAO BRASILEIRA                                                                                     0000000111042017                                         
0330001300001P 010001001301476520130147652  0000000057622511  0000000000057621704201700000000007904400000 02N110420173000000000000000000000000000000000000000000000000000000000000000000000000000000000000000000000000005762000300000           
0330001300002Q 011000001342895878MARIA HELENA RIBEIRO DA SILVA           R JOSE CARLOS DE REZENDE, 92BL A,AP24   JD VILA VERDE  05171010SAO PAULO      SP0000000000000000                                        000000000000                   
03300015         000004                                                                                                                                                                                                                         
03399999         000001000006                                                                                                                                                                                                                   