03300000        2049938327000106000100001201344                         UBRASP - UNIAO BRASILEIRA     Banco Santander                         105012017      000054040                                                                          
03300011R01  030 2049938327000106                    000100001201344     UBRASP - UNIAO BRASILEIRA                                                                                     0000000105012017                                         
0330001300001P 010001001301476520130147652  0000000046591511  0000000000046591601201700000000001054700000 02N050120173000000000000000000000000000000000000000000000000000000000000000000000000000000000000000000000000004659000300000           
0330001300002Q 011000010022645888SILVANA SANTOS DA ROCHA                 RUA BERGAL, 87                          SAO JOAO CLIMAC04240090SAO PAULO      SP0000000000000000                                        000000000000                   
0330001300003P 010001001301476520130147652  0000000047368511  0000000000047361601201700000000014588400000 02N050120173000000000000000000000000000000000000000000000000000000000000000000000000000000000000000000000000004736000300000           
0330001300004Q 011000065266668849MARIA TEREZA CANDIDO                    RUA MANGUARI, 329 BL B AP 31            VL MARIA       02167080SAO PAULO      SP0000000000000000                                        000000000000                   
0330001300005P 010001001301476520130147652  0000000046302511  0000000000046301601201700000000000515400000 02N050120173000000000000000000000000000000000000000000000000000000000000000000000000000000000000000000000000004630000300000           
0330001300006Q 011000005333681899TANIA CRISTINA BAPTISTA                 RUA 18 DE OUTUBRO, 279                  JD MARIA ESTELA04180030SAO PAULO      SP0000000000000000                                        000000000000                   
0330001300007P 010001001301476520130147652  0000000047007511  0000000000047001601201700000000003983400000 02N050120173000000000000000000000000000000000000000000000000000000000000000000000000000000000000000000000000004700000300000           
0330001300008Q 011000053507576872TANIA APARECIDA CHAGAS SOARES           R GALEAZZO ALESSI, 70 AP 162            V MONTE ALEGRE 04305050SAO PAULO      SP0000000000000000                                        000000000000                   
0330001300009P 010001001301476520130147652  0000000047181511  0000000000047181601201700000000000606400000 02N050120173000000000000000000000000000000000000000000000000000000000000000000000000000000000000000000000000004718000300000           
0330001300010Q 011000003088728865CICERO VALTER HOLANDA                   R SEURREBES , 140 A                     VL OLINDA      03380150SAO PAULO      SP0000000000000000                                        000000000000                   
0330001300011P 010001001301476520130147652  0000000047589511  0000000000047581601201700000000001026000000 02N050120173000000000000000000000000000000000000000000000000000000000000000000000000000000000000000000000000004758000300000           
0330001300012Q 011000031753805813LEANDRO BATISTA DOS SANTOS              R FRANCISCO ALVES BEZERRA, 872          JD BRASIL      02228001SAO PAULO      SP0000000000000000                                        000000000000                   
0330001300013P 010001001301476520130147652  0000000047066511  0000000000047061601201700000000002662900000 02N050120173000000000000000000000000000000000000000000000000000000000000000000000000000000000000000000000000004706000300000           
0330001300014Q 011000088788733653MARINIUZA ALVES DE ALMEIDA              R RUI DE MORAIS APOCALIPSE,312,BLOCO 20 JD DO TIRO     02842260SAO PAULO      SP0000000000000000                                        000000000000                   
0330001300015P 010001001301476520130147652  0000000046485511  0000000000046481601201700000000002813600000 02N050120173000000000000000000000000000000000000000000000000000000000000000000000000000000000000000000000000004648000300000           
0330001300016Q 011000007573271840IARA APARECIDA DE ARRUDA                R HELENA AP SECOL, 280 B 03 AP 144      JD PALERMO     09780595S B CAMPO      SP0000000000000000                                        000000000000                   
0330001300017P 010001001301476520130147652  0000000046361511  0000000000046361601201700000000001845000000 02N050120173000000000000000000000000000000000000000000000000000000000000000000000000000000000000000000000000004636000300000           
0330001300018Q 011000006348492800MARCELO CINTRA ROLIM                    RUA CARLOS DO PINHAL, 345/2002          C CEZAR        01333001SAO PAULO      SP0000000000000000                                        000000000000                   
0330001300019P 010001001301476520130147652  0000000047244511  0000000000047241601201700000000002329100000 02N050120173000000000000000000000000000000000000000000000000000000000000000000000000000000000000000000000000004724000300000           
0330001300020Q 011000009470824849MARIA IGNES GARRATA MENEZES             RUA ESTADO DE ISRAEL, 435 AP 133        VL CLEMENTINO  04022900SAO PAULO      SP0000000000000000                                        000000000000                   
0330001300021P 010001001301476520130147652  0000000047155511  0000000000047151601201700000000002718900000 02N050120173000000000000000000000000000000000000000000000000000000000000000000000000000000000000000000000000004715000300000           
0330001300022Q 011000001022673831JOSE ANTONIO DE ARAUJO                  ESTRADA DO SABAO, 1403 AP 68 BL 2       JD MARISTELA   02806000SAO PAULO      SP0000000000000000                                        000000000000                   
0330001300023P 010001001301476520130147652  0000000046752511  0000000000046751601201700000000005363100000 02N050120173000000000000000000000000000000000000000000000000000000000000000000000000000000000000000000000000004675000300000           
0330001300024Q 011000014051162850LUIZ VANDERLEI DE LIMA                  RUA MARANHAO, 111 APTO 8                STO ANTONIO    09541000SAO C SUL      SP0000000000000000                                        000000000000                   
0330001300025P 010001001301476520130147652  0000000047058511  0000000000047051601201700000000006155300000 02N050120173000000000000000000000000000000000000000000000000000000000000000000000000000000000000000000000000004705000300000           
0330001300026Q 011000087157470853NEUSA MARIA DE O B FERNANDES            RUA AMAIBA,111                          PARADA INGLESA 02307140SAO PAULO      SP0000000000000000                                        000000000000                   
0330001300027P 010001001301476520130147652  0000000047121511  0000000000047121601201700000000001845000000 02N050120173000000000000000000000000000000000000000000000000000000000000000000000000000000000000000000000000004712000300000           
0330001300028Q 011000008695983846JOAO HENRIQUE  TENORIO JUNIOR           R DR ANGELO VITA,112 APTO 154           TATUAPE        03069000SAO PAULO      SP0000000000000000                                        000000000000                   
0330001300029P 010001001301476520130147652  0000000046884511  0000000000046881601201700000000000379300000 02N050120173000000000000000000000000000000000000000000000000000000000000000000000000000000000000000000000000004688000300000           
0330001300030Q 011000024595253893THIAGO OLLER DE CASTRO                  R DR JOAQUIM GOMES DE SOUZA,26          BUTANTA        05596100SAO PAULO      SP0000000000000000                                        000000000000                   
0330001300031P 010001001301476520130147652  0000000047295511  0000000000047291601201700000000016359700000 02N050120173000000000000000000000000000000000000000000000000000000000000000000000000000000000000000000000000004729000300000           
0330001300032Q 011000075783444804MARISA APARECIDA LOPES PINTER           R ANTONIETA LEITAO, 357 AP 133          FREGUESIA DO O 02925160SAO PAULO      SP0000000000000000                                        000000000000                   
0330001300033P 010001001301476520130147652  0000000047384511  0000000000047381601201700000000000649100000 02N050120173000000000000000000000000000000000000000000000000000000000000000000000000000000000000000000000000004738000300000           
0330001300034Q 011000012526032822DULCINEIA BARBOSA GARCIA                AV ARMANDO BEI, 401 AP 44 BL 1          CI NV BONSUCESO07175000GUARULHOS      SP0000000000000000                                        000000000000                   
0330001300035P 010001001301476520130147652  0000000046175511  0000000000046171601201700000000001461100000 02N050120173000000000000000000000000000000000000000000000000000000000000000000000000000000000000000000000000004617000300000           
0330001300036Q 011000000340639865ROSALINA FATIMA SILVA SILVEIRA          AV LAZAR SEGAL, 373                     IMIRIM         02543010SAO PAULO      SP0000000000000000                                        000000000000                   
0330001300037P 010001001301476520130147652  0000000046841511  0000000000046841601201700000000000694000000 02N050120173000000000000000000000000000000000000000000000000000000000000000000000000000000000000000000000000004684000300000           
0330001300038Q 011000020393191826EMERSON JOSE FERRADOSA DE SOUZA         R ARTHUR BERNARDES 247                  VL INVERNADA   03490000SAO PAULO      SP0000000000000000                                        000000000000                   
0330001300039P 010001001301476520130147652  0000000047392511  0000000000047391601201700000000000506300000 02N050120173000000000000000000000000000000000000000000000000000000000000000000000000000000000000000000000000004739000300000           
0330001300040Q 011000013074770899MARCELO MOURA DE CAMPOS                 RUA MONSENHOR MANOEL GOMES, 261         PIRITUBA       02975120SAO PAULO      SP0000000000000000                                        000000000000                   
0330001300041P 010001001301476520130147652  0000000047325511  0000000000047321601201700000000001026000000 02N050120173000000000000000000000000000000000000000000000000000000000000000000000000000000000000000000000000004732000300000           
0330001300042Q 011000087491591868SONIA MARIA EDWIRGES                    AV NICOLAU JACINTO, 685 BL 05 AP 43     A E CARVALHO   03687010SAO PAULO      SP0000000000000000                                        000000000000                   
0330001300043P 010001001301476520130147652  0000000046736511  0000000000046731601201700000000000905600000 02N050120173000000000000000000000000000000000000000000000000000000000000000000000000000000000000000000000000004673000300000           
0330001300044Q 011000014039227808ALEXANDRA PEREIRA                       RUA BALACLAVA, 871                      J STO ALBERTO  09260440STO ANDRE      SP0000000000000000                                        000000000000                   
0330001300045P 010001001301476520130147652  0000000046426511  0000000000046421601201700000000000019200000 02N050120173000000000000000000000000000000000000000000000000000000000000000000000000000000000000000000000000004642000300000           
0330001300046Q 011000007250788809JOSIANE CAPUCHO SILVA                   RUA LATERAL, 374                        V NOVA IORQUE  03479000SAO PAULO      SP0000000000000000                                        000000000000                   
0330001300047P 010001001301476520130147652  0000000047351511  0000000000047351601201700000000009635100000 02N050120173000000000000000000000000000000000000000000000000000000000000000000000000000000000000000000000000004735000300000           
0330001300048Q 011000007612029863HERMOGENES FELIPE FILHO                 RUA PAULO LEOPES DE LEAO, 501           ITAQUERA       08210520SAO PAULO      SP0000000000000000                                        000000000000                   
0330001300049P 010001001301476520130147652  0000000046231511  0000000000046231601201700000000001766500000 02N050120173000000000000000000000000000000000000000000000000000000000000000000000000000000000000000000000000004623000300000           
0330001300050Q 011000001470170841SONIA DE OLIVEIRA B CALIXTER            RUA DAS SERINGUEIRAS, 373 AP 74         JABAQUARA      04321070SAO PAULO      SP0000000000000000                                        000000000000                   
0330001300051P 010001001301476520130147652  0000000047597511  0000000000047591601201700000000000503300000 02N050120173000000000000000000000000000000000000000000000000000000000000000000000000000000000000000000000000004759000300000           
0330001300052Q 011000034002036880VERONICA GONCALVES DOS SANTOS           R EVANGELISTA DE SOUSA, 1264 AP 02      PQ NOV ORATORIO09226410SANTO ANDRE    SP0000000000000000                                        000000000000                   
0330001300053P 010001001301476520130147652  0000000046825511  0000000000046821601201700000000000821200000 02N050120173000000000000000000000000000000000000000000000000000000000000000000000000000000000000000000000000004682000300000           
0330001300054Q 011000018309688822MARISTELA HEREDIA                       R PADRE ANTONIO DE SOUZA LIMA, 170      VL EURO        09810170S B DO CAMPO   SP0000000000000000                                        000000000000                   
0330001300055P 010001001301476520130147652  0000000046728511  0000000000046721601201700000000001460600000 02N050120173000000000000000000000000000000000000000000000000000000000000000000000000000000000000000000000000004672000300000           
0330001300056Q 011000014013454840PATRICIA REGIANE DAS NEVES              AV MOINHO FABRINE, 1262                 VL COCA        09862000S B DO CAMPO   SP0000000000000000                                        000000000000                   
0330001300057P 010001001301476520130147652  0000000046256511  0000000000046251601201700000000005419300000 02N050120173000000000000000000000000000000000000000000000000000000000000000000000000000000000000000000000000004625000300000           
0330001300058Q 011000003630357881ELY MATOS                               R MARIA MARI,88                         JD MONTE ALEGRE06755390T  DA SERRA    SP0000000000000000                                        000000000000                   
0330001300059P 010001001301476520130147652  0000000047082511  0000000000047081601201700000000002360300000 02N050120173000000000000000000000000000000000000000000000000000000000000000000000000000000000000000000000000004708000300000           
0330001300060Q 011000097590223468JACI DE SOUZA E SILVA                   R IGNACIO MANOEL ALTAMIRANO,85          JD SABIA       04856555SAO PAULO      SP0000000000000000                                        000000000000                   
0330001300061P 010001001301476520130147652  0000000046442511  0000000000046441601201700000000001845000000 02N050120173000000000000000000000000000000000000000000000000000000000000000000000000000000000000000000000000004644000300000           
0330001300062Q 011000007271790802DENISE FERNANDES FACINA                 RUA ITU, 33 AP 33 BL B                  BAETA NEVES    09751040SAO B DO CAMPO SP0000000000000000                                        000000000000                   
0330001300063P 010001001301476520130147652  0000000046817511  0000000000046811601201700000000001045100000 02N050120173000000000000000000000000000000000000000000000000000000000000000000000000000000000000000000000000004681000300000           
0330001300064Q 011000018035780840SONIA APARECIDA DOS SANTOS              R PROGRESSO, 170                        VL AURORA      09780130S B DO CAMPO   SP0000000000000000                                        000000000000                   
0330001300065P 010001001301476520130147652  0000000047571511  0000000000047571601201700000000000503300000 02N050120173000000000000000000000000000000000000000000000000000000000000000000000000000000000000000000000000004757000300000           
0330001300066Q 011000030760820864CAMILA SANTOS TEODORO                   RUA CAMPO SANTO, 379 BL 3 APTO 41       PQ DAS NACOES  09280195SANTO ANDRE    SP0000000000000000                                        000000000000                   
0330001300067P 010001001301476520130147652  0000000047201511  0000000000047201601201700000000001223200000 02N050120173000000000000000000000000000000000000000000000000000000000000000000000000000000000000000000000000004720000300000           
0330001300068Q 011000005582018816DIRCE PEREIRA SALES                     R GINGADINHO, 44 PASSAGEM D             JD SA BENTO NOV05886410SAO PAULO      SP0000000000000000                                        000000000000                   
0330001300069P 010001001301476520130147652  0000000047211511  0000000000047211601201700000000002329100000 02N050120173000000000000000000000000000000000000000000000000000000000000000000000000000000000000000000000000004721000300000           
0330001300070Q 011000005589720800EMILIA EMIRENE NOGUEIRA                 RUA LEANDRO DUPRET, 662 AP 31           VL CLEMENTINO  04025013SAO PAULO      SP0000000000000000                                        000000000000                   
0330001300071P 010001001301476520130147652  0000000047309511  0000000000047301601201700000000003188200000 02N050120173000000000000000000000000000000000000000000000000000000000000000000000000000000000000000000000000004730000300000           
0330001300072Q 011000082858195820JOAQUIM DAS CHAGAS SOARES NETO          AV CEL JOSE PIRES DE ANDRADE 646,182    VL ELISIO      04295001SAO PAULO      SP0000000000000000                                        000000000000                   
0330001300073P 010001001301476520130147652  0000000046248511  0000000000046241601201700000000003781200000 02N050120173000000000000000000000000000000000000000000000000000000000000000000000000000000000000000000000000004624000300000           
0330001300074Q 011000003338176805GEREMIAS FILOMENO DE FARIAS             ESTR DAS CABREUVAL, 280                 CH STA MARIA   06856860ITAP DA SERRA  SP0000000000000000                                        000000000000                   
0330001300075P 010001001301476520130147652  0000000046388511  0000000000046381601201700000000002784500000 02N050120173000000000000000000000000000000000000000000000000000000000000000000000000000000000000000000000000004638000300000           
0330001300076Q 011000006470787835JOSE ALTAMIRO NUNES DA SILVA            AV MARIA HELENA, 32 CASA 04             JD DINARAH     06703100COTIA          SP0000000000000000                                        000000000000                   
0330001300077P 010001001301476520130147652  0000000047317511  0000000000047311601201700000000002329100000 02N050120173000000000000000000000000000000000000000000000000000000000000000000000000000000000000000000000000004731000300000           
0330001300078Q 011000084687231853CLEUSA DE MIRANDA CAOBIANCO             R TEIXEIRA DA SILVA, 363 AP 11          PARAISO        04002031SAO PAULO      SP0000000000000000                                        000000000000                   
0330001300079P 010001001301476520130147652  0000000046701511  0000000000046701601201700000000000959900000 02N050120173000000000000000000000000000000000000000000000000000000000000000000000000000000000000000000000000004670000300000           
0330001300080Q 011000012968456806EDNA MIRANDA BARRETO SANTOS             EST DOS GUATAMBUS, 52                   ITAPECERICA SER06857820SAO PAULO      SP0000000000000000                                        000000000000                   
0330001300081P 010001001301476520130147652  0000000047236511  0000000000047231601201700000000000669100000 02N050120173000000000000000000000000000000000000000000000000000000000000000000000000000000000000000000000000004723000300000           
0330001300082Q 011000006348363821BERNADETE L DE SOUSA PASCHUETTO         R WESCESLAU RICHTER, 23 A AP 401        JD IRAJA       09781280S B DO CAMPO   SP0000000000000000                                        000000000000                   
0330001300083P 010001001301476520130147652  0000000047562511  0000000000047561601201700000000000649100000 02N050120173000000000000000000000000000000000000000000000000000000000000000000000000000000000000000000000000004756000300000           
0330001300084Q 011000030500537801CLAUDIA SOUSA DA SILVA                  RUA DESCALVADO, 80                      VL FRAN MATARAZ09241210STO ANDRE      SP0000000000000000                                        000000000000                   
0330001300085P 010001001301476520130147652  0000000046604511  0000000000046601601201700000000001794300000 02N050120173000000000000000000000000000000000000000000000000000000000000000000000000000000000000000000000000004660000300000           
0330001300086Q 011000010081975805EMPEDOCLES DOMINGOS DA SILVA            AV GEOVANI GRONCHI, 6675 PQ BRASIL,AP17 VLA ANDRADE    05724902SAO PAULO      SP0000000000000000                                        000000000000                   
0330001300087P 010001001301476520130147652  0000000046371511  0000000000046371601201700000000009420300000 02N050120173000000000000000000000000000000000000000000000000000000000000000000000000000000000000000000000000004637000300000           
0330001300088Q 011000006388831800FLORALICE DO CARMO N SILVA              RUA ZEUS, 224                           JD ADELINO     06702115COTIA          SP0000000000000000                                        000000000000                   
0330001300089P 010001001301476520130147652  0000000047252511  0000000000047251601201700000000002285000000 02N050120173000000000000000000000000000000000000000000000000000000000000000000000000000000000000000000000000004725000300000           
0330001300090Q 011000013997663840JANIRA CARNEIRO DA SILVA                RUA VICTORIO NATAL GASTAURO, 116        JD PALERMA     09780425SAO B DO CAMPO SP0000000000000000                                        000000000000                   
0330001300091P 010001001301476520130147652  0000000047287511  0000000000047281601201700000000002329100000 02N050120173000000000000000000000000000000000000000000000000000000000000000000000000000000000000000000000000004728000300000           
0330001300092Q 011000056186010872MARIA CECILIA ROCHA SOLERA              R PAULISTANIA, 413 AP 04                SUMAREZINHO    05440000SAO PAULO      SP0000000000000000                                        000000000000                   
0330001300093P 010001001301476520130147652  0000000046493511  0000000000046491601201700000000002963500000 02N050120173000000000000000000000000000000000000000000000000000000000000000000000000000000000000000000000000004649000300000           
0330001300094Q 011000007998259809CARLOS ALBERTO DE CAMPOS                R FERNANDO COSTA 322                    PQ GERASSI     09120305SANTO ANDRE    SP0000000000000000                                        000000000000                   
0330001300095P 010001001301476520130147652  0000000046183511  0000000000046181601201700000000001090900000 02N050120173000000000000000000000000000000000000000000000000000000000000000000000000000000000000000000000000004618000300000           
0330001300096Q 011000000383259851ELISABETE MARTINES LOPES                RUA DAS ORQUIDEAS, 239 BL 02 AP 21      VL MARCHI      09810390S B CAMPO      SP0000000000000000                                        000000000000                   
0330001300097P 010001001301476520130147652  0000000047431511  0000000000047431601201700000000000385600000 02N050120173000000000000000000000000000000000000000000000000000000000000000000000000000000000000000000000000004743000300000           
0330001300098Q 011000016173912805SILVIO CUSTODIO                         R DR CINCINATO BRAGA, 691 BL 02,54      PLANALTO       09890300SAO B DO CAMPO SP0000000000000000                                        000000000000                   
0330001300099P 010001001301476520130147652  0000000046337511  0000000000046331601201700000000001167800000 02N050120173000000000000000000000000000000000000000000000000000000000000000000000000000000000000000000000000004633000300000           
0330001300100Q 011000005530538843REGINA CELIA DA SILVA CARVALHO          EST DOUGLAS W GOMES DE ARAUJO, 35       JD BOM SUCESSO 06335140CARAPICUIBA    SP0000000000000000                                        000000000000                   
0330001300101P 010001001301476520130147652  0000000046272511  0000000000046271601201700000000000821200000 02N050120173000000000000000000000000000000000000000000000000000000000000000000000000000000000000000000000000004627000300000           
0330001300102Q 011000004410407805EDILEUZA IZABEL ZANETTI SOUSA           RUA DAS ANTAS, 10 AP 52 BL 01           SITIO ORATORIO 03978470SAO PAULO      SP0000000000000000                                        000000000000                   
0330001300103P 010001001301476520130147652  0000000046281511  0000000000046281601201700000000001845000000 02N050120173000000000000000000000000000000000000000000000000000000000000000000000000000000000000000000000000004628000300000           
0330001300104Q 011000004889769870UBALDO REGIS PEROSSI CARRADO            R RELOGIO DO SOL, 147                   LAPA           05065080SAO PAULO      SP0000000000000000                                        000000000000                   
0330001300105P 010001001301476520130147652  0000000046507511  0000000000046501601201700000000001167800000 02N050120173000000000000000000000000000000000000000000000000000000000000000000000000000000000000000000000000004650000300000           
0330001300106Q 011000008009875864ELZA FELIX DOS SANTOS                   RUA GREGORIO DE MATOS GUERRA, 76        BAIRRO CASAS   09850040SAO B DO CAMPO SP0000000000000000                                        000000000000                   
0330001300107P 010001001301476520130147652  0000000046949511  0000000000046941601201700000000000588200000 02N050120173000000000000000000000000000000000000000000000000000000000000000000000000000000000000000000000000004694000300000           
0330001300108Q 011000025999769876CLAUDIA VIEIRA MOTA                     R TELEMENEZES 117                       JD SILVINIA    09791160SAO B DO CAMPO SP0000000000000000                                        000000000000                   
0330001300109P 010001001301476520130147652  0000000046761511  0000000000046761601201700000000001045200000 02N050120173000000000000000000000000000000000000000000000000000000000000000000000000000000000000000000000000004676000300000           
0330001300110Q 011000011111111111JOSE CARLOS ALVES DA SILVA              ESTRADA SAO FRANCISCO, 1668 AP,BLOCO 02 JD ENRIQUETA   06764290TABOAO DA SERRASP0000000000000000                                        000000000000                   
0330001300111P 010001001301476520130147652  0000000046345511  0000000000046341601201700000000003115800000 02N050120173000000000000000000000000000000000000000000000000000000000000000000000000000000000000000000000000004634000300000           
0330001300112Q 011000005773898829MARIA APARECIDA MAZAIA                  TRAV ITAPOLIS, 16                       V F MATARAZZO  09240550STO ANDRE      SP0000000000000000                                        000000000000                   
0330001300113P 010001001301476520130147652  0000000046566511  0000000000046561601201700000000001167800000 02N050120173000000000000000000000000000000000000000000000000000000000000000000000000000000000000000000000000004656000300000           
0330001300114Q 011000009256803895VERA ALICE DE LIMA                      RUA GIUSEPPE ULIANI, S/N CASA 206       JD QUATRO MARIA09820160SAO B DO CAMPO SP0000000000000000                                        000000000000                   
0330001300115P 010001001301476520130147652  0000000046264511  0000000000046261601201700000000000028800000 02N050120173000000000000000000000000000000000000000000000000000000000000000000000000000000000000000000000000004626000300000           
0330001300116Q 011000003972814801MARIA CLARETE LOPES DA SILVA            R SAO SEVERO, 677                       VL RE          03666000SAO PAULO      SP0000000000000000                                        000000000000                   
0330001300117P 010001001301476520130147652  0000000047422511  0000000000047421601201700000000000535900000 02N050120173000000000000000000000000000000000000000000000000000000000000000000000000000000000000000000000000004742000300000           
0330001300118Q 011000015639490837LUCIANO DE LIMA DOS SANTOS              RUA MIGUEL GALINDO NAVARRO437 CASA7     JD ARAGUAIA    09371335MAUA           SP0000000000000000                                        000000000000                   
0330001300119P 010001001301476520130147652  0000000047376511  0000000000047371601201700000000000649200000 02N050120173000000000000000000000000000000000000000000000000000000000000000000000000000000000000000000000000004737000300000           
0330001300120Q 011000007411862843JOSELIO OLIVEIRA SANTOS                 R ANTONIO RAPOSSO BARRETO, 31 BL 04,32  JD DAS FLORES  04904170SAO PAULO      SP0000000000000000                                        000000000000                   
0330001300121P 010001001301476520130147652  0000000046541511  0000000000046541601201700000000003036300000 02N050120173000000000000000000000000000000000000000000000000000000000000000000000000000000000000000000000000004654000300000           
0330001300122Q 011000008647742818FATIMA A F GIANCATERINO                 R BRASILIO MACHADO, 173 AP62 6ANDAR     CENTRO         09715140SAO B DO CAMPO SP0000000000000000                                        000000000000                   
0330001300123P 010001001301476520130147652  0000000047198511  0000000000047191601201700000000001845000000 02N050120173000000000000000000000000000000000000000000000000000000000000000000000000000000000000000000000000004719000300000           
0330001300124Q 011000005539961854MARIA APARECIDA MALTA                   R ACUCENA, 1017                         JD DAS FLORES  06110160OSASCO         SP0000000000000000                                        000000000000                   
0330001300125P 010001001301476520130147652  0000000047041511  0000000000047041601201700000000003983400000 02N050120173000000000000000000000000000000000000000000000000000000000000000000000000000000000000000000000000004704000300000           
0330001300126Q 011000082913692834JOSE RUBENS QUADRADO                    AV BRIG MANOEL R JORDAO, 347            JD SILVEIRA    06433010BARUERI        SP0000000000000000                                        000000000000                   
0330001300127P 010001001301476520130147652  0000000047406511  0000000000047401601201700000000000575100000 02N050120173000000000000000000000000000000000000000000000000000000000000000000000000000000000000000000000000004740000300000           
0330001300128Q 011000014626502873ROSELI CRISTINA MARTINS                 AV SARA LIRLIS, 222 BL 05 AP 1001       VL GESTOMAR    09130220STO ANDRE      SP0000000000000000                                        000000000000                   
0330001300129P 010001001301476520130147652  0000000046809511  0000000000046801601201700000000002169600000 02N050120173000000000000000000000000000000000000000000000000000000000000000000000000000000000000000000000000004680000300000           
0330001300130Q 011000016102175867ANA PAULA BARBOSA SOUZA                 AV DR ALBERTO JACKSON BRI,BLOCO 04 - 24 VL MENK        06273050OSASCO         SP0000000000000000                                        000000000000                   
0330001300131P 010001001301476520130147652  0000000047538511  0000000000047531601201700000000000385600000 02N050120173000000000000000000000000000000000000000000000000000000000000000000000000000000000000000000000000004753000300000           
0330001300132Q 011000025625236879MARCELO DE OLIVEIRA BONETTI             R CARLOS MARIGUELA, 352                 JD TEREZA      02875000SAO PAULO      SP0000000000000000                                        000000000000                   
0330001300133P 010001001301476520130147652  0000000046191511  0000000000046191601201700000000004292800000 02N050120173000000000000000000000000000000000000000000000000000000000000000000000000000000000000000000000000004619000300000           
0330001300134Q 011000001121330886MARIA LUCIA DE FATIMA                   R DR.IGNACIO PROENCA DE GOUVEIA,911     CASA VERDE     02534010SAO PAULO      SP0000000000000000                                        000000000000                   
0330001300135P 010001001301476520130147652  0000000046851511  0000000000046851601201700000000001176400000 02N050120173000000000000000000000000000000000000000000000000000000000000000000000000000000000000000000000000004685000300000           
0330001300136Q 011000021442382864ADRIANA CRISTINA BOLDRIN                R PAPA PAULO VI, 200 AP 43 ED SANTO     JD IRAJA       09781250SAO B DO CAMPO SP0000000000000000                                        000000000000                   
0330001300137P 010001001301476520130147652  0000000046574511  0000000000046571601201700000000001615000000 02N050120173000000000000000000000000000000000000000000000000000000000000000000000000000000000000000000000000004657000300000           
0330001300138Q 011000009737924851VERA LOPES DA SILVA                     R EMILIO RIBAS, 210                     L APIAL        09185380STO ANDRE      SP0000000000000000                                        000000000000                   
0330001300139P 010001001301476520130147652  0000000046931511  0000000000046931601201700000000003671000000 02N050120173000000000000000000000000000000000000000000000000000000000000000000000000000000000000000000000000004693000300000           
0330001300140Q 011000025790828833MARIA DE FATIMA A P MENDRIGO            AV JOSE ESTEVAS DE MAGALHA,BLOCO 51 - B JABAQUARA      04332050SAO PAULO      SP0000000000000000                                        000000000000                   
0330001300141P 010001001301476520130147652  0000000046833511  0000000000046831601201700000000003024700000 02N050120173000000000000000000000000000000000000000000000000000000000000000000000000000000000000000000000000004683000300000           
0330001300142Q 011000019241729848ELAINE MIRANDA ZEFERINO                 RUA PATRICIA GALVAO, 20                 POR DO SOL     09951496DIADEMA        SP0000000000000000                                        000000000000                   
0330001300143P 010001001301476520130147652  0000000046639511  0000000000046631601201700000000000798300000 02N050120173000000000000000000000000000000000000000000000000000000000000000000000000000000000000000000000000004663000300000           
0330001300144Q 011000011238251811VERA APARECIDA DAMACENO                 R MARIA JOANA ROSA , 96                 JD DE ABRIL    06040040OSASCO         SP0000000000000000                                        000000000000                   
0330001300145P 010001001301476520130147652  0000000046531511  0000000000046531601201700000000001815400000 02N050120173000000000000000000000000000000000000000000000000000000000000000000000000000000000000000000000000004653000300000           
0330001300146Q 011000008368028884CLAUDIO DOMINGUES                       ESTRADA DE ITAPECERICA, 1528 AP,BLOCO 1 ITAPECERICA    05835004ITAPEC DA SERRASP0000000000000000                                        000000000000                   
0330001300147P 010001001301476520130147652  0000000046663511  0000000000046661601201700000000001196700000 02N050120173000000000000000000000000000000000000000000000000000000000000000000000000000000000000000000000000004666000300000           
0330001300148Q 011000011963826892NADIR CRISTINA DA SILVA                 R DIOGO BOTELHO, 80                     JD ALBA CASA GR09963060DIADEMA        SP0000000000000000                                        000000000000                   
0330001300149P 010001001301476520130147652  0000000046515511  0000000000046511601201700000000001615000000 02N050120173000000000000000000000000000000000000000000000000000000000000000000000000000000000000000000000000004651000300000           
0330001300150Q 011000008209168894MARIA DE FATIMA DOS SANTOS              R NICOLAU SINGER, 27                    DEMARCHE       09820310S B CAMPO      SP0000000000000000                                        000000000000                   
0330001300151P 010001001301476520130147652  0000000046396511  0000000000046391601201700000000001045300000 02N050120173000000000000000000000000000000000000000000000000000000000000000000000000000000000000000000000000004639000300000           
0330001300152Q 011000006554238859LILIANE CRISTINE ROSA                   R JOSE PALOMINO, 53                     VILA SILVIA    03280020SAO PAULO      SP0000000000000000                                        000000000000                   
0330001300153P 010001001301476520130147652  0000000047279511  0000000000047271601201700000000002216000000 02N050120173000000000000000000000000000000000000000000000000000000000000000000000000000000000000000000000000004727000300000           
0330001300154Q 011000029020905872ELIZABETH MYRIAM TEIXEIRA DA COSTA      R APARECIDA TEODORO DE CARVALHO, 20     JACANA         02273020SAO PAULO      SP0000000000000000                                        000000000000                   
0330001300155P 010001001301476520130147652  0000000047473511  0000000000047471601201700000000002132900000 02N050120173000000000000000000000000000000000000000000000000000000000000000000000000000000000000000000000000004747000300000           
0330001300156Q 011000018476130805ED CARLOS FERREIRA LIMA                 RUA PROF ANTONIO AUFTREGE,BLOCO CS - 15 PQ STO ANTONIO 05867000SAO PAULO      SP0000000000000000                                        000000000000                   
0330001300157P 010001001301476520130147652  0000000046353511  0000000000046351601201700000000001745500000 02N050120173000000000000000000000000000000000000000000000000000000000000000000000000000000000000000000000000004635000300000           
0330001300158Q 011000005814188839SERGIO PINTO DE BARROS                  RUA BARIRI, 423 AP 07                   PQ PARAISO     06850430ITA SERRA      SP0000000000000000                                        000000000000                   
0330001300159P 010001001301476520130147652  0000000047261511  0000000000047261601201700000000002329100000 02N050120173000000000000000000000000000000000000000000000000000000000000000000000000000000000000000000000000004726000300000           
0330001300160Q 011000022266895834LEOPOLDINA DE ALMEIDA COUTO             R PRESIDENTE DUTRA, 36 AP 27            VL EUCLIDES    09725530SAO B DO CAMPO SP0000000000000000                                        000000000000                   
0330001300161P 010001001301476520130147652  0000000047457511  0000000000047451601201700000000002087200000 02N050120173000000000000000000000000000000000000000000000000000000000000000000000000000000000000000000000000004745000300000           
0330001300162Q 011000016750762867CLEITON CARLOS                          AV JOSE ODORIZZI, 2471 B8 AP 22         ASSUNCAO       09861001SAO B CAMPO    SP0000000000000000                                        000000000000                   
0330001300163P 010001001301476520130147652  0000000047228511  0000000000047221601201700000000001167800000 02N050120173000000000000000000000000000000000000000000000000000000000000000000000000000000000000000000000000004722000300000           
0330001300164Q 011000006104664881SUELI MARIA DA SILVA SA                 RUA CRISTIANO ANGELI,1596               ASSUNCAO       09812601SAO BERNARDO DOSP0000000000000000                                        000000000000                   
0330001300165P 010001001301476520130147652  0000000047414511  0000000000047411601201700000000001209600000 02N050120173000000000000000000000000000000000000000000000000000000000000000000000000000000000000000000000000004741000300000           
0330001300166Q 011000014906504825DIONISIO LEITE RIBEIRO                  R ENI ALVES SOUZA LEITE, 51             JD STA MARGARID11111111SAO PAULO      SP0000000000000000                                        000000000000                   
0330001300167P 010001001301476520130147652  0000000046973511  0000000000046971601201700000000001167800000 02N050120173000000000000000000000000000000000000000000000000000000000000000000000000000000000000000000000000004697000300000           
0330001300168Q 011000026655583861MARIA HELENA FERREIRA COSTA             R EDUARDO LOBO, 194                     PQ IMPERIAL    04302090SAO PAULO      SP0000000000000000                                        000000000000                   
0330001300169P 010001001301476520130147652  0000000046957511  0000000000046951601201700000000000694000000 02N050120173000000000000000000000000000000000000000000000000000000000000000000000000000000000000000000000000004695000300000           
0330001300170Q 011000026039111801REGIS ELOY LOPES DE OLIVEIRA            R PAPA PAULO VI, 200 AP 43              JD IRAJA       09781250SAO B DO CAMPO SP0000000000000000                                        000000000000                   
0330001300171P 010001001301476520130147652  0000000046205511  0000000000046201601201700000000001223200000 02N050120173000000000000000000000000000000000000000000000000000000000000000000000000000000000000000000000000004620000300000           
0330001300172Q 011000001154017842ZILDA MARIA DA ROCHA DE MOURA           R PROF TOMAZ DE AQUINO, 403             IPIRANGA       04118010SAO PAULO      SP0000000000000000                                        000000000000                   
0330001300173P 010001001301476520130147652  0000000046914511  0000000000046911601201700000000001522100000 02N050120173000000000000000000000000000000000000000000000000000000000000000000000000000000000000000000000000004691000300000           
0330001300174Q 011000025134977836GLORIA ALVES DE SOUZA                   R ROLANDO GAMBINI, 56                   ASSUNCAO       09811130SAO B DO CAMPO SP0000000000000000                                        000000000000                   
0330001300175P 010001001301476520130147652  0000000047091511  0000000000047091601201700000000001845000000 02N050120173000000000000000000000000000000000000000000000000000000000000000000000000000000000000000000000000004709000300000           
0330001300176Q 011000004916195884LUCIA HELENA MARTINEZ                   R FREDERICO VON MARTIUS, 255 AP 91      V MONUMENTO    01548010SAO PAULO      SP0000000000000000                                        000000000000                   
0330001300177P 010001001301476520130147652  0000000046671511  0000000000046671601201700000000001045300000 02N050120173000000000000000000000000000000000000000000000000000000000000000000000000000000000000000000000000004667000300000           
0330001300178Q 011000012522543857MARIA NOELY DE ALMEIDA SALES            R POTI, 10                              JD CRISPIM     06866180ITAP SERRA     SP0000000000000000                                        000000000000                   
0330001300179P 010001001301476520130147652  0000000047521511  0000000000047521601201700000000000385600000 02N050120173000000000000000000000000000000000000000000000000000000000000000000000000000000000000000000000000004752000300000           
0330001300180Q 011000025448572855ANA CLAUDIA DA CUNHA RIBEIRO            RUA ADOLFO, 286 AP 31B                  JD CELESTE     04195070SAO PAULO      SP0000000000000000                                        000000000000                   
0330001300181P 010001001301476520130147652  0000000046892511  0000000000046891601201700000000001398700000 02N050120173000000000000000000000000000000000000000000000000000000000000000000000000000000000000000000000000004689000300000           
0330001300182Q 011000025080704837ERICA MARSON MACHADO                    R TIRADENTES, 1933 AP 22 BL 8           STA TEREZINHA  09781220SAO B DO CAMPO SP0000000000000000                                        000000000000                   
0330001300183P 010001001301476520130147652  0000000046906511  0000000000046901601201700000000001522000000 02N050120173000000000000000000000000000000000000000000000000000000000000000000000000000000000000000000000000004690000300000           
0330001300184Q 011000025081040860FLAVIA MARTINS                          R FRANCISCO VISENTAINER,549 AP2121      ASSUNCAO       09861630SAO B DO CAMPO SP0000000000000000                                        000000000000                   
0330001300185P 010001001301476520130147652  0000000047171511  0000000000047171601201700000000001113900000 02N050120173000000000000000000000000000000000000000000000000000000000000000000000000000000000000000000000000004717000300000           
0330001300186Q 011000002890927873ROSELI RODRIGUES ALBARELLA              RUA DAS PAPOLAS, 109                    DEMARCHI       09820510SAO B DO CAMPO SP0000000000000000                                        000000000000                   
0330001300187P 010001001301476520130147652  0000000046311511  0000000000046311601201700000000002850500000 02N050120173000000000000000000000000000000000000000000000000000000000000000000000000000000000000000000000000004631000300000           
0330001300188Q 011000005354701856ADENAIDE MARINHEIRO DE LIMA             RUA LAGOINHA DE LESTE,222               JD CECI        02872060SAO PAULO      SP0000000000000000                                        000000000000                   
0330001300189P 010001001301476520130147652  0000000046787511  0000000000046781601201700000000005424900000 02N050120173000000000000000000000000000000000000000000000000000000000000000000000000000000000000000000000000004678000300000           
0330001300190Q 011000014422490800MARCOS ANTONIO TORRES                   R COLONIA LEOPOLDINA, 193 AP 14         ERM.MATARAZO   03821020SAO PAULO      SP0000000000000000                                        000000000000                   
0330001300191P 010001001301476520130147652  0000000047554511  0000000000047551601201700000000000503300000 02N050120173000000000000000000000000000000000000000000000000000000000000000000000000000000000000000000000000004755000300000           
0330001300192Q 011000028668694863ALINE ARAUJO DINIZ                      R CUZCO, 217                            JD SAULO ALBERT09260280SAO PAULO      SP0000000000000000                                        000000000000                   
0330001300193P 010001001301476520130147652  0000000046868511  0000000000046861601201700000000000694000000 02N050120173000000000000000000000000000000000000000000000000000000000000000000000000000000000000000000000000004686000300000           
0330001300194Q 011000021476970874PATRICIA DA CONCEICAO DE MELO           R GOIAS, 104                            PQ DAS FONTES  09430480RIBEIRAO PIRES SP0000000000000000                                        000000000000                   
0330001300195P 010001001301476520130147652  0000000046744511  0000000000046741601201700000000001071700000 02N050120173000000000000000000000000000000000000000000000000000000000000000000000000000000000000000000000000004674000300000           
0330001300196Q 011000014041925819MARIA DA GLORIA DE FREITAS SOUSA        R JOSE HENRIQUE DE ALMEIDA, 45          VL SAO JOAO    09340580MAUA           SP0000000000000000                                        000000000000                   
0330001300197P 010001001301476520130147652  0000000047619511  0000000000047611601201700000000000581000000 02N050120173000000000000000000000000000000000000000000000000000000000000000000000000000000000000000000000000004761000300000           
0330001300198Q 011000068544235700SANDRA MARIA DE SOUZA ARAUJO            R DR ZUQUIM, 472 AP 07                  SANTANA        02035020SAO PAULO      SP0000000000000000                                        000000000000                   
0330001300199P 010001001301476520130147652  0000000046681511  0000000000046681601201700000000001045200000 02N050120173000000000000000000000000000000000000000000000000000000000000000000000000000000000000000000000000004668000300000           
0330001300200Q 011000012820191800MARCIO A VIAN MOURAO                    R DR PAULO RIBEIRO COELHO, 172          RIO PEQUENO    05374000SAO PAULO      SP0000000000000000                                        000000000000                   
0330001300201P 010001001301476520130147652  0000000046451511  0000000000046451601201700000000002819700000 02N050120173000000000000000000000000000000000000000000000000000000000000000000000000000000000000000000000000004645000300000           
0330001300202Q 011000007338804877CLAUDIO DOS SANTOS SILVA                FRANCISCO SOLER, 427                    JD PIRITUBA    05143280SAO PAULO      SP0000000000000000                                        000000000000                   
0330001300203P 010001001301476520130147652  0000000047023511  0000000000047021601201700000000001045100000 02N050120173000000000000000000000000000000000000000000000000000000000000000000000000000000000000000000000000004702000300000           
0330001300204Q 011000063592487515MARYLAN RODRIGUES PEREIRA SANCHES       RUA PRINCESA LEOPOLDINA, 574            ALTO DA LAPA   05081090SAO PAULO      SP0000000000000000                                        000000000000                   
0330001300205P 010001001301476520130147652  0000000046469511  0000000000046461601201700000000001202900000 02N050120173000000000000000000000000000000000000000000000000000000000000000000000000000000000000000000000000004646000300000           
0330001300206Q 011000007374465874MARIA EDNA SANTOS                       RUA SIRIOS,355                          ANCHIETA       09606100SAO B DO CAMPO SP0000000000000000                                        000000000000                   
0330001300207P 010001001301476520130147652  0000000046612511  0000000000046611601201700000000003577700000 02N050120173000000000000000000000000000000000000000000000000000000000000000000000000000000000000000000000000004661000300000           
0330001300208Q 011000010158096851ELIANA MARIA LINS                       R ITAICI, 315 AP 123                    STA TEREZINHA  02460030SAO PAULO      SP0000000000000000                                        000000000000                   
0330001300209P 010001001301476520130147652  0000000047104511  0000000000047101601201700000000001109500000 02N050120173000000000000000000000000000000000000000000000000000000000000000000000000000000000000000000000000004710000300000           
0330001300210Q 011000000166004871MARCO ANTONIO BEBEDICTO                 AV CUPECE, 6066 BL 04 AP 52             JD MIRIAM      04366001SAO PAULO      SP0000000000000000                                        000000000000                   
0330001300211P 010001001301476520130147652  0000000046418511  0000000000046411601201700000000002022400000 02N050120173000000000000000000000000000000000000000000000000000000000000000000000000000000000000000000000000004641000300000           
0330001300212Q 011000007104506802RAIMUNDO ALVES DA SILVA                 RUA MANDACARU 102                       JD NOV ESPERANC07956020FRANC. MORATO  SP0000000000000000                                        000000000000                   
0330001300213P 010001001301476520130147652  0000000046922511  0000000000046921601201700000000000686200000 02N050120173000000000000000000000000000000000000000000000000000000000000000000000000000000000000000000000000004692000300000           
0330001300214Q 011000025532185832FABIO DE LUNA REIS                      R JOSE ELIAS DE ALMEIDA, 821            JD ROBRU       08150230SAO PAULO      SP0000000000000000                                        000000000000                   
0330001300215P 010001001301476520130147652  0000000046558511  0000000000046551601201700000000001765100000 02N050120173000000000000000000000000000000000000000000000000000000000000000000000000000000000000000000000000004655000300000           
0330001300216Q 011000008887711852MARIA RITA PAULINO DO NASCIMENTO        R NOSSA SRA DOS MESES, 867 AP12,BLOCO A VL DAS MESES   04165001SAO PAULO      SP0000000000000000                                        000000000000                   
0330001300217P 010001001301476520130147652  0000000047481511  0000000000047481601201700000000000485400000 02N050120173000000000000000000000000000000000000000000000000000000000000000000000000000000000000000000000000004748000300000           
0330001300218Q 011000018556791832VALERIA DE PAULA SAADS                  RUA HERMES DE OLIVEIRA, 33              VL QUINTAUNA   06080120OSASCO         SP0000000000000000                                        000000000000                   
0330001300219P 010001001301476520130147652  0000000046711511  0000000000046711601201700000000001613100000 02N050120173000000000000000000000000000000000000000000000000000000000000000000000000000000000000000000000000004671000300000           
0330001300220Q 011000014010864893MARIA INEZ CELLA                        AV PEDRO II, 3179                       CAMPESTRE      09080111STO ANDRE      SP0000000000000000                                        000000000000                   
0330001300221P 010001001301476520130147652  0000000046329511  0000000000046321601201700000000003846600000 02N050120173000000000000000000000000000000000000000000000000000000000000000000000000000000000000000000000000004632000300000           
0330001300222Q 011000005369111855JULIO VICENTE DE SOUZA                  R DR MARINHO DE ANDRADE, 158 FUNDOS     JD JAMAICA     05743170SAO PAULO      SP0000000000000000                                        000000000000                   
0330001300223P 010001001301476520130147652  0000000047491511  0000000000047491601201700000000000485400000 02N050120173000000000000000000000000000000000000000000000000000000000000000000000000000000000000000000000000004749000300000           
0330001300224Q 011000019259245800SONIA REGINA ESTEVEM DA SILVA           R TIRADENTES, 1837 BL 02 AP 27          STA TEREZINHA  09781220SAO B DO CAMPO SP0000000000000000                                        000000000000                   
0330001300225P 010001001301476520130147652  0000000046621511  0000000000046621601201700000000002338800000 02N050120173000000000000000000000000000000000000000000000000000000000000000000000000000000000000000000000000004662000300000           
0330001300226Q 011000010705824845EDNA CRISTINA DE OLIVEIRA ELIAS         AV JOSE ODORIZZI, 2471 BL 9 AP23        PQ DOS PASSAROS09851007SAO B DO CAMPO SP0000000000000000                                        000000000000                   
0330001300227P 010001001301476520130147652  0000000046434511  0000000000046431601201700000000004689300000 02N050120173000000000000000000000000000000000000000000000000000000000000000000000000000000000000000000000000004643000300000           
0330001300228Q 011000007254933803ELIZETE CARVALHO DE ANDRADE             AL DOM PEDRO DE ALCANTARA, 584          N PETROPOLIS   09771281SAO B DO CAMPO SP0000000000000000                                        000000000000                   
0330001300229P 010001001301476520130147652  0000000046965511  0000000000046961601201700000000000567800000 02N050120173000000000000000000000000000000000000000000000000000000000000000000000000000000000000000000000000004696000300000           
0330001300230Q 011000026381725885CLEITON PODADERA BECHFLANI              R GONCALVES DIAS, 325                   JD PORTUGAL    09715160SAO B CAMPO    SP0000000000000000                                        000000000000                   
0330001300231P 010001001301476520130147652  0000000046876511  0000000000046871601201700000000001795800000 02N050120173000000000000000000000000000000000000000000000000000000000000000000000000000000000000000000000000004687000300000           
0330001300232Q 011000021777387841FABIANE RODRIGUES SARDINHA              R VICENTE DE CRANETO, 77 BL C AP31      JD STO ANTONIO 05819000SAO PAULO      SP0000000000000000                                        000000000000                   
0330001300233P 010001001301476520130147652  0000000046582511  0000000000046581601201700000000001166600000 02N050120173000000000000000000000000000000000000000000000000000000000000000000000000000000000000000000000000004658000300000           
0330001300234Q 011000009990318808RAQUEL ZAMBIANCO DE MORAES              RUA IPE 300 AP 12 BL 26                 JS SILVIA      09340570MAUA           SP0000000000000000                                        000000000000                   
0330001300235P 010001001301476520130147652  0000000046647511  0000000000046641601201700000000001166400000 02N050120173000000000000000000000000000000000000000000000000000000000000000000000000000000000000000000000000004664000300000           
0330001300236Q 011000011407486888RICHARD CERCHIARI                       RUA ISABEL SPINA PERELLA, 246           GUARULHOS      07031040GUARULHOS      SP0000000000000000                                        000000000000                   
0330001300237P 010001001301476520130147652  0000000047601511  0000000000047601601201700000000000845800000 02N050120173000000000000000000000000000000000000000000000000000000000000000000000000000000000000000000000000004760000300000           
0330001300238Q 011000058779388272VINICIO BELO DE SOUZA JUNIOR            R DR CINCINATO BRAGA, 691 BL 01,AP51    PLANALTO       09690300S B DO CAMPO   SP0000000000000000                                        000000000000                   
0330001300239P 010001001301476520130147652  0000000047112511  0000000000047111601201700000000012606500000 02N050120173000000000000000000000000000000000000000000000000000000000000000000000000000000000000000000000000004711000300000           
0330001300240Q 011000073801208672DARCILIA MARIA TEIXEIRA                 RUA BARRETOS 203 ANT 1109               JD ORATORIO    09381130MAUA           SP0000000000000000                                        000000000000                   
0330001300241P 010001001301476520130147652  0000000046779511  0000000000046771601201700000000001691300000 02N050120173000000000000000000000000000000000000000000000000000000000000000000000000000000000000000000000000004677000300000           
0330001300242Q 011000014209208809RENALDO ZAMBONI DE SALLES               RUA PIRATININGA, 477 BL1 AP 173         BRAS           03042001SAO PAULO      SP0000000000000000                                        000000000000                   
0330001300243P 010001001301476520130147652  0000000046477511  0000000000046471601201700000000001166600000 02N050120173000000000000000000000000000000000000000000000000000000000000000000000000000000000000000000000000004647000300000           
0330001300244Q 011000007451298892ARLETE DA SILVA                         R BARTOLOMEU DE GUSMAO, 70 AP 94,BLA    V SAO FRANCISCO09310680MAUA           SP0000000000000000                                        000000000000                   
0330001300245P 010001001301476520130147652  0000000047449511  0000000000047441601201700000000000369900000 02N050120173000000000000000000000000000000000000000000000000000000000000000000000000000000000000000000000000004744000300000           
0330001300246Q 011000016691615875GLEICE CRISTINE LEOCADIO                R STA GREGORIA, 213                     CIDADE DUTRA   04806030SAO PAULO      SP0000000000000000                                        000000000000                   
0330001300247P 010001001301476520130147652  0000000047503511  0000000000047501601201700000000000369900000 02N050120173000000000000000000000000000000000000000000000000000000000000000000000000000000000000000000000000004750000300000           
0330001300248Q 011000019481186881ADRIANA ALVES GOMES                     RUA CAMPO SANTO, 180 AP 24 BL2          PQ DAS NACOES  00928195SANTO ANDRE    SP0000000000000000                                        000000000000                   
0330001300249P 010001001301476520130147652  0000000047627511  0000000000047621601201700000000002444100000 02N050120173000000000000000000000000000000000000000000000000000000000000000000000000000000000000000000000000004762000300000           
0330001300250Q 011000094466262853TANIA REGINA E FERREIRA                 R BENEDITO SERAFIM BUENO, 68            ALVARENGA      09850780S B DO CAMPO   SP0000000000000000                                        000000000000                   
0330001300251P 010001001301476520130147652  0000000047465511  0000000000047461601201700000000000485400000 02N050120173000000000000000000000000000000000000000000000000000000000000000000000000000000000000000000000000004746000300000           
0330001300252Q 011000017321179850ELAINE CRISTINA DIAS MONTEIRO           R LUCAS DE CAMARGO, 105                 VL INDUSTRIAL  03257130SAO PAULO      SP0000000000000000                                        000000000000                   
0330001300253P 010001001301476520130147652  0000000047511511  0000000000047511601201700000000000485400000 02N050120173000000000000000000000000000000000000000000000000000000000000000000000000000000000000000000000000004751000300000           
0330001300254Q 011000024829902892APARECIDA SILVA                         R SILVIO BARBINI, 212 AP 33C            ITAQUERA       08250650SAO PAULO      SP0000000000000000                                        000000000000                   
0330001300255P 010001001301476520130147652  0000000047546511  0000000000047541601201700000000000368900000 02N050120173000000000000000000000000000000000000000000000000000000000000000000000000000000000000000000000000004754000300000           
0330001300256Q 011000027527671882ANDERSON AUGUSTO DOS SANTOS             HIMALAIA 459 APTO 03                    PQ NOV ORATORIO09270430STOP ANDRE     SP0000000000000000                                        000000000000                   
0330001300257P 010001001301476520130147652  0000000046981511  0000000000046981601201700000000001148300000 02N050120173000000000000000000000000000000000000000000000000000000000000000000000000000000000000000000000000004698000300000           
0330001300258Q 011000033355198846ALINE PENHA DOS SANTOS                  RUA CUBATAO, 77                         BAETA NEVES    09760440S B CAMPO      SP0000000000000000                                        000000000000                   
0330001300259P 010001001301476520130147652  0000000047031511  0000000000047031601201700000000006153400000 02N050120173000000000000000000000000000000000000000000000000000000000000000000000000000000000000000000000000004703000300000           
0330001300260Q 011000068397836853SILVIA LUCAS P DE SOUZA                 RUA CAMPOS SALLES, 219                  VL STA TEREZINA09770190SAO B CAMPO    SP0000000000000000                                        000000000000                   
0330001300261P 010001001301476520130147652  0000000047015511  0000000000047011601201700000000003982200000 02N050120173000000000000000000000000000000000000000000000000000000000000000000000000000000000000000000000000004701000300000           
0330001300262Q 011000053708369815PERCIVAL BATISTA DE HOLANDA             R BAROEL, 83 AP 11                      CENTRO         08675000SUZANO         SP0000000000000000                                        000000000000                   
0330001300263P 010001001301476520130147652  0000000047139511  0000000000047131601201700000000008349600000 02N050120173000000000000000000000000000000000000000000000000000000000000000000000000000000000000000000000000004713000300000           
0330001300264Q 011000000380692880ANALICE MARIA T DE OLIVEIRA             R TANGER 319                            PQ N ORATORIO  09251140STO ANDRE      SP0000000000000000                                        000000000000                   
0330001300265P 010001001301476520130147652  0000000046795511  0000000000046791601201700000000001044100000 02N050120173000000000000000000000000000000000000000000000000000000000000000000000000000000000000000000000000004679000300000           
0330001300266Q 011000014683305860WANDERLEY FRANCISCO DA SILVA            R JOAQUIM ESPINOSA, 221 CASA 06         J SAO LUIZ     05812070SAO PAULO      SP0000000000000000                                        000000000000                   
0330001300267P 010001001301476520130147652  0000000046213511  0000000000046211601201700000000001050800000 02N050120173000000000000000000000000000000000000000000000000000000000000000000000000000000000000000000000000004621000300000           
0330001300268Q 011000001430943866MARISALVA BRITO N NASCIMENTO            R CAPIVARI, 465 CS 02                   PQ LUIZA       06816160EMBU DAS ARTES SP0000000000000000                                        000000000000                   
0330001300269P 010001001301476520130147652  0000000046991511  0000000000046991601201700000000001173000000 02N050120173000000000000000000000000000000000000000000000000000000000000000000000000000000000000000000000000004699000300000           
0330001300270Q 011000035239174504MARIA DO CARMO DE CARVALHO              R LUIZ PINHEIRO, 61                     CI PIRITUBA    02944000SAO PAULO      SP0000000000000000                                        000000000000                   
0330001300271P 010001001301476520130147652  0000000047147511  0000000000047141601201700000000002218600000 02N050120173000000000000000000000000000000000000000000000000000000000000000000000000000000000000000000000000004714000300000           
0330001300272Q 011000000851347835ELISABETE FERREIRA GARCIA               RUA TUPI, 160 AP 23                     CERAMICA       09530530SAO CAETANO DOLSP0000000000000000                                        000000000000                   
0330001300273P 010001001301476520130147652  0000000046221511  0000000000046221601201700000000001173000000 02N050120173000000000000000000000000000000000000000000000000000000000000000000000000000000000000000000000000004622000300000           
0330001300274Q 011000001457584867WAGNER PADUAN                           AV BENJAMIN HARRIS HUNNI,BLOCO 9 - AP42 VL RIO DE JANEI07124000GUARULHOS      SP0000000000000000                                        000000000000                   
0330001300275P 010001001301476520130147652  0000000047333511  0000000000047331601201700000000001050800000 02N050120173000000000000000000000000000000000000000000000000000000000000000000000000000000000000000000000000004733000300000           
0330001300276Q 011000099753405804ZULEIDE FERREIRA DOS SANTOS             RUA ANA MARIA TV.SAO JUDAS, 11          VL MARIANA     09780630SAO B DO CAMPO SP0000000000000000                                        000000000000                   
0330001300277P 010001001301476520130147652  0000000046523511  0000000000046521601201700000000001173000000 02N050120173000000000000000000000000000000000000000000000000000000000000000000000000000000000000000000000000004652000300000           
0330001300278Q 011000008263016819MARINA RIBEIRO AVELINO                  E ESTEVAO JORDAN, 254 AP 931            JD MONICA      05861300SAO PAULO      SP0000000000000000                                        000000000000                   
0330001300279P 010001001301476520130147652  0000000046299511  0000000000046291601201700000000002737000000 02N050120173000000000000000000000000000000000000000000000000000000000000000000000000000000000000000000000000004629000300000           
0330001300280Q 011000005320093802RENATO MATEUS DOS SANTOS                RUA ITALIA 68                           JD ORIENTAL    06033060SAO PAULO      SP0000000000000000                                        000000000000                   
0330001300281P 010001001301476520130147652  0000000046698511  0000000000046691601201700000000002386300000 02N050120173000000000000000000000000000000000000000000000000000000000000000000000000000000000000000000000000004669000300000           
0330001300282Q 011000012898603864MARCIO MELHADOS                         R WOLSTEIN, 116 A                       VL GRANADA     03623010SAO PAULO      SP0000000000000000                                        000000000000                   
0330001300283P 010001001301476520130147652  0000000046401511  0000000000046401601201700000000002737000000 02N050120173000000000000000000000000000000000000000000000000000000000000000000000000000000000000000000000000004640000300000           
0330001300284Q 011000006788635803JANE RODRIGUES RIBEIRO                  R VITORIO TAFARELLO, 54                 VL QUINTAUNA   06192150OSASCO         SP0000000000000000                                        000000000000                   
0330001300285P 010001001301476520130147652  0000000046655511  0000000000046651601201700000000001173000000 02N050120173000000000000000000000000000000000000000000000000000000000000000000000000000000000000000000000000004665000300000           
0330001300286Q 011000011445735806JOAQUIM JOSE R JUNIOR                   R JOSEPHINA LIUZZI DE MOR,BLOCO A - 310 J MARIA ROSA   06763140TABOAO DA SERRASP0000000000000000                                        000000000000                   
0330001300287P 010001001301476520130147652  0000000047074511  0000000000047071601201700000000001050800000 02N050120173000000000000000000000000000000000000000000000000000000000000000000000000000000000000000000000000004707000300000           
0330001300288Q 011000089928172820ANA IRES SANTOS SILVA                   PASSAGEM BRENO CALDAS, 27               VL CAMPO GRANDE04447025SAO PAULO      SP0000000000000000                                        000000000000                   
0330001300289P 010001001301476520130147652  0000000047341511  0000000000047341601201700000000020379100000 02N050120173000000000000000000000000000000000000000000000000000000000000000000000000000000000000000000000000004734000300000           
0330001300290Q 011000000632051817JANICE TEIXEIRA A BARBOSA               AV  STA INES 1129 AP 204                PQ MANDAQUI    02415900SAO PAULO      SP0000000000000000                                        000000000000                   
0330001300291P 010001001301476520130147652  0000000047163511  0000000000047161601201700000000000509200000 02N050120173000000000000000000000000000000000000000000000000000000000000000000000000000000000000000000000000004716000300000           
0330001300292Q 011000002214941894CELSO HYMALAIA DA CONCEICAO             RUAS DOS COQUEIROS, 665 AP 16           CAMPESTRE      09080010STO ANDRE      SP0000000000000000                                        000000000000                   
03300015         000294                                                                                                                                                                                                                         
03399999         000001000296                                                                                                                                                                                                                   