03300000        2049938327000106000100001201344                         UBRASP - UNIAO BRASILEIRA     Banco Santander                         112072017      000105040                                                                          
03300011R01  030 2049938327000106                    000100001201344     UBRASP - UNIAO BRASILEIRA                                                                                     0000000112072017                                         
0330001300001P 010001001301476520130147652  0000000095117511  0000000000095111807201700000000001054700000 02N120720173000000000000000000000000000000000000000000000000000000000000000000000000000000000000000000000000009511000300000           
0330001300002Q 011000010022645888SILVANA SANTOS DA ROCHA                 RUA BERGAL, 87                          SAO JOAO CLIMAC04240090SAO PAULO      SP0000000000000000                                        000000000000                   
0330001300003P 010001001301476520130147652  0000000095443511  0000000000095441807201700000000000515400000 02N120720173000000000000000000000000000000000000000000000000000000000000000000000000000000000000000000000000009544000300000           
0330001300004Q 011000005333681899TANIA CRISTINA BAPTISTA                 RUA 18 DE OUTUBRO, 279                  JD MARIA ESTELA04180030SAO PAULO      SP0000000000000000                                        000000000000                   
0330001300005P 010001001301476520130147652  0000000095362511  0000000000095361807201700000000003983400000 02N120720173000000000000000000000000000000000000000000000000000000000000000000000000000000000000000000000000009536000300000           
0330001300006Q 011000053507576872TANIA APARECIDA CHAGAS SOARES           R GALEAZZO ALESSI, 70 AP 162            V MONTE ALEGRE 04305050SAO PAULO      SP0000000000000000                                        000000000000                   
0330001300007P 010001001301476520130147652  0000000094722511  0000000000094721807201700000000000606400000 02N120720173000000000000000000000000000000000000000000000000000000000000000000000000000000000000000000000000009472000300000           
0330001300008Q 011000003088728865CICERO VALTER HOLANDA                   RUA JULIO PEROTTI,455,BL2 APTO23        JARDIM ARMENIA 08780810MOGI DAS CRUZESSP0000000000000000                                        000000000000                   
0330001300009P 010001001301476520130147652  0000000095664511  0000000000095661807201700000000000028800000 02N120720173000000000000000000000000000000000000000000000000000000000000000000000000000000000000000000000000009566000300000           
0330001300010Q 011000088788733653MARINIUZA ALVES DE ALMEIDA              R RUI DE MORAIS APOCALIPSE,312,BLOCO 20 JD DO TIRO     02842260SAO PAULO      SP0000000000000000                                        000000000000                   
0330001300011P 010001001301476520130147652  0000000095265511  0000000000095261807201700000000002813600000 02N120720173000000000000000000000000000000000000000000000000000000000000000000000000000000000000000000000000009526000300000           
0330001300012Q 011000007573271840IARA APARECIDA DE ARRUDA                R HELENA AP SECOL, 280 B 03 AP 144      JD PALERMO     09780595S B CAMPO      SP0000000000000000                                        000000000000                   
0330001300013P 010001001301476520130147652  0000000095613511  0000000000095611807201700000000001845000000 02N120720173000000000000000000000000000000000000000000000000000000000000000000000000000000000000000000000000009561000300000           
0330001300014Q 011000006348492800MARCELO CINTRA ROLIM                    RUA CARLOS DO PINHAL, 345/2002          C CEZAR        01333001SAO PAULO      SP0000000000000000                                        000000000000                   
0330001300015P 010001001301476520130147652  0000000094595511  0000000000094591807201700000000002329100000 02N120720173000000000000000000000000000000000000000000000000000000000000000000000000000000000000000000000000009459000300000           
0330001300016Q 011000009470824849MARIA IGNES GARRATA MENEZES             RUA ESTADO DE ISRAEL, 435 AP 133        VL CLEMENTINO  04022900SAO PAULO      SP0000000000000000                                        000000000000                   
0330001300017P 010001001301476520130147652  0000000094544511  0000000000094541807201700000000002718900000 02N120720173000000000000000000000000000000000000000000000000000000000000000000000000000000000000000000000000009454000300000           
0330001300018Q 011000001022673831JOSE ANTONIO DE ARAUJO                  ESTRADA DO SABAO, 1403 AP 68 BL 2       JD MARISTELA   02806000SAO PAULO      SP0000000000000000                                        000000000000                   
0330001300019P 010001001301476520130147652  0000000095699511  0000000000095691807201700000000023769900000 02N120720173000000000000000000000000000000000000000000000000000000000000000000000000000000000000000000000000009569000300000           
0330001300020Q 011000014051162850LUIZ VANDERLEI DE LIMA                  RUA MARANHAO, 111 APTO 8                STO ANTONIO    09541000SAO C SUL      SP0000000000000000                                        000000000000                   
0330001300021P 010001001301476520130147652  0000000095192511  0000000000095191807201700000000006155300000 02N120720173000000000000000000000000000000000000000000000000000000000000000000000000000000000000000000000000009519000300000           
0330001300022Q 011000087157470853NEUSA MARIA DE O B FERNANDES            RUA AMAIBA,111                          PARADA INGLESA 02307140SAO PAULO      SP0000000000000000                                        000000000000                   
0330001300023P 010001001301476520130147652  0000000094811511  0000000000094811807201700000000001845000000 02N120720173000000000000000000000000000000000000000000000000000000000000000000000000000000000000000000000000009481000300000           
0330001300024Q 011000008695983846JOAO HENRIQUE  TENORIO JUNIOR           R DR ANGELO VITA,112 APTO 154           TATUAPE        03069000SAO PAULO      SP0000000000000000                                        000000000000                   
0330001300025P 010001001301476520130147652  0000000094617511  0000000000094611807201700000000016359600000 02N120720173000000000000000000000000000000000000000000000000000000000000000000000000000000000000000000000000009461000300000           
0330001300026Q 011000075783444804MARISA APARECIDA LOPES PINTER           R ANTONIETA LEITAO,357,APTO.133         FREGUESIA DO O 02925160SAO PAULO      SP0000000000000000                                        000000000000                   
0330001300027P 010001001301476520130147652  0000000094412511  0000000000094411807201700000000000649100000 02N120720173000000000000000000000000000000000000000000000000000000000000000000000000000000000000000000000000009441000300000           
0330001300028Q 011000012526032822DULCINEIA BARBOSA GARCIA                AV ARMANDO BEI, 401 AP 44 BL 1          CI NV BONSUCESO07175000GUARULHOS      SP0000000000000000                                        000000000000                   
0330001300029P 010001001301476520130147652  0000000095681511  0000000000095681807201700000000001461100000 02N120720173000000000000000000000000000000000000000000000000000000000000000000000000000000000000000000000000009568000300000           
0330001300030Q 011000000340639865ROSALINA FATIMA SILVA SILVEIRA          AV LAZAR SEGAL, 373                     IMIRIM         02543010SAO PAULO      SP0000000000000000                                        000000000000                   
0330001300031P 010001001301476520130147652  0000000094919511  0000000000094911807201700000000000694000000 02N120720173000000000000000000000000000000000000000000000000000000000000000000000000000000000000000000000000009491000300000           
0330001300032Q 011000020393191826EMERSON JOSE FERRADOSA DE SOUZA         R ARTHUR BERNARDES 247                  VL INVERNADA   03490000SAO PAULO      SP0000000000000000                                        000000000000                   
0330001300033P 010001001301476520130147652  0000000094382511  0000000000094381807201700000000000506300000 02N120720173000000000000000000000000000000000000000000000000000000000000000000000000000000000000000000000000009438000300000           
0330001300034Q 011000013074770899MARCELO MOURA DE CAMPOS                 RUA MONSENHOR MANOEL GOMES, 261         PIRITUBA       02975120SAO PAULO      SP0000000000000000                                        000000000000                   
0330001300035P 010001001301476520130147652  0000000094791511  0000000000094791807201700000000001026000000 02N120720173000000000000000000000000000000000000000000000000000000000000000000000000000000000000000000000000009479000300000           
0330001300036Q 011000087491591868SONIA MARIA EDWIRGES                    AV NICOLAU JACINTO,685,BL 5 APTO.43     CIDADE A. E. CA03687010SAO PAULO      SP0000000000000000                                        000000000000                   
0330001300037P 010001001301476520130147652  0000000094803511  0000000000094801807201700000000000905600000 02N120720173000000000000000000000000000000000000000000000000000000000000000000000000000000000000000000000000009480000300000           
0330001300038Q 011000014039227808ALEXANDRA PEREIRA                       RUA BALACLAVA, 871                      J STO ALBERTO  09260440STO ANDRE      SP0000000000000000                                        000000000000                   
0330001300039P 010001001301476520130147652  0000000095605511  0000000000095601807201700000000000019200000 02N120720173000000000000000000000000000000000000000000000000000000000000000000000000000000000000000000000000009560000300000           
0330001300040Q 011000007250788809JOSIANE CAPUCHO SILVA                   RUA LATERAL, 374                        V NOVA IORQUE  03479000SAO PAULO      SP0000000000000000                                        000000000000                   
0330001300041P 010001001301476520130147652  0000000094579511  0000000000094571807201700000000009635000000 02N120720173000000000000000000000000000000000000000000000000000000000000000000000000000000000000000000000000009457000300000           
0330001300042Q 011000007612029863HERMOGENES FELIPE FILHO                 RUA PAULO LEOPES DE LEAO, 501           ITAQUERA       08210520SAO PAULO      SP0000000000000000                                        000000000000                   
0330001300043P 010001001301476520130147652  0000000095435511  0000000000095431807201700000000001766500000 02N120720173000000000000000000000000000000000000000000000000000000000000000000000000000000000000000000000000009543000300000           
0330001300044Q 011000001470170841SONIA DE OLIVEIRA B CALIXTER            RUA DAS SERINGUEIRAS, 373 AP 74         JABAQUARA      04321070SAO PAULO      SP0000000000000000                                        000000000000                   
0330001300045P 010001001301476520130147652  0000000094625511  0000000000094621807201700000000000606400000 02N120720173000000000000000000000000000000000000000000000000000000000000000000000000000000000000000000000000009462000300000           
0330001300046Q 011000000811396835CONCEICAO APARECIDA DOS SANTOS          RUA SANHACU 664                         PQ RISO II     06704712COTIA          SP0000000000000000                                        000000000000                   
0330001300047P 010001001301476520130147652  0000000095222511  0000000000095221807201700000000000821200000 02N120720173000000000000000000000000000000000000000000000000000000000000000000000000000000000000000000000000009522000300000           
0330001300048Q 011000018309688822MARISTELA HEREDIA                       R PADRE ANTONIO DE SOUZA LIMA, 170      VL EURO        09810170S B DO CAMPO   SP0000000000000000                                        000000000000                   
0330001300049P 010001001301476520130147652  0000000095095511  0000000000095091807201700000000001460600000 02N120720173000000000000000000000000000000000000000000000000000000000000000000000000000000000000000000000000009509000300000           
0330001300050Q 011000014013454840PATRICIA REGIANE DAS NEVES              AV MOINHO FABRINE, 1262                 VL COCA        09862000S B DO CAMPO   SP0000000000000000                                        000000000000                   
0330001300051P 010001001301476520130147652  0000000094961511  0000000000094961807201700000000005419300000 02N120720173000000000000000000000000000000000000000000000000000000000000000000000000000000000000000000000000009496000300000           
0330001300052Q 011000003630357881ELY MATOS                               R MARIA MARI,88                         JD MONTE ALEGRE06755390T  DA SERRA    SP0000000000000000                                        000000000000                   
0330001300053P 010001001301476520130147652  0000000095273511  0000000000095271807201700000000002360300000 02N120720173000000000000000000000000000000000000000000000000000000000000000000000000000000000000000000000000009527000300000           
0330001300054Q 011000097590223468JACI DE SOUZA E SILVA                   R IGNACIO MANOEL ALTAMIRANO,85          JD SABIA       04856555SAO PAULO      SP0000000000000000                                        000000000000                   
0330001300055P 010001001301476520130147652  0000000095338511  0000000000095331807201700000000001845000000 02N120720173000000000000000000000000000000000000000000000000000000000000000000000000000000000000000000000000009533000300000           
0330001300056Q 011000007271790802DENISE FERNANDES FACINA                 RUA ITU, 33 AP 33 BL B                  BAETA NEVES    09751040SAO B DO CAMPO SP0000000000000000                                        000000000000                   
0330001300057P 010001001301476520130147652  0000000095397511  0000000000095391807201700000000001045100000 02N120720173000000000000000000000000000000000000000000000000000000000000000000000000000000000000000000000000009539000300000           
0330001300058Q 011000018035780840SONIA APARECIDA DOS SANTOS              R PROGRESSO, 170                        VL AURORA      09780130S B DO CAMPO   SP0000000000000000                                        000000000000                   
0330001300059P 010001001301476520130147652  0000000094323511  0000000000094321807201700000000000503300000 02N120720173000000000000000000000000000000000000000000000000000000000000000000000000000000000000000000000000009432000300000           
0330001300060Q 011000030860820864CAMILA SANTOS TEODORO                   RUA CAMPO SANTO, 379 BL 3 APTO 41       PQ DAS NACOES  09280195SANTO ANDRE    SP0000000000000000                                        000000000000                   
0330001300061P 010001001301476520130147652  0000000094561511  0000000000094561807201700000000001223200000 02N120720173000000000000000000000000000000000000000000000000000000000000000000000000000000000000000000000000009456000300000           
0330001300062Q 011000005582018816DIRCE PEREIRA SALES                     R GINGADINHO, 44 PASSAGEM D             JD SA BENTO NOV05886410SAO PAULO      SP0000000000000000                                        000000000000                   
0330001300063P 010001001301476520130147652  0000000094633511  0000000000094631807201700000000002329100000 02N120720173000000000000000000000000000000000000000000000000000000000000000000000000000000000000000000000000009463000300000           
0330001300064Q 011000005589720800EMILIA EMIRENE NOGUEIRA                 RUA LEANDRO DUPRET, 662 AP 31           VL CLEMENTINO  04025013SAO PAULO      SP0000000000000000                                        000000000000                   
0330001300065P 010001001301476520130147652  0000000094587511  0000000000094581807201700000000003188200000 02N120720173000000000000000000000000000000000000000000000000000000000000000000000000000000000000000000000000009458000300000           
0330001300066Q 011000082858195820JOAQUIM DAS CHAGAS SOARES NETO          AV CEL JOSE PIRES DE ANDRADE 646,182    VL ELISIO      04295001SAO PAULO      SP0000000000000000                                        000000000000                   
0330001300067P 010001001301476520130147652  0000000095451511  0000000000095451807201700000000003781200000 02N120720173000000000000000000000000000000000000000000000000000000000000000000000000000000000000000000000000009545000300000           
0330001300068Q 011000003338176805GEREMIAS FILOMENO DE FARIAS             ESTR DAS CABREUVAL, 280                 CH STA MARIA   06856860ITAP DA SERRA  SP0000000000000000                                        000000000000                   
0330001300069P 010001001301476520130147652  0000000095087511  0000000000095081807201700000000002784500000 02N120720173000000000000000000000000000000000000000000000000000000000000000000000000000000000000000000000000009508000300000           
0330001300070Q 011000006470787835JOSE ALTAMIRO NUNES DA SILVA            AV MARIA HELENA, 32 CASA 04             JD DINARAH     06703100COTIA          SP0000000000000000                                        000000000000                   
0330001300071P 010001001301476520130147652  0000000094676511  0000000000094671807201700000000002329100000 02N120720173000000000000000000000000000000000000000000000000000000000000000000000000000000000000000000000000009467000300000           
0330001300072Q 011000084687231853CLEUSA DE MIRANDA CAOBIANCO             R TEIXEIRA DA SILVA, 363 AP 11          PARAISO        04002031SAO PAULO      SP0000000000000000                                        000000000000                   
0330001300073P 010001001301476520130147652  0000000095532511  0000000000095531807201700000000000959900000 02N120720173000000000000000000000000000000000000000000000000000000000000000000000000000000000000000000000000009553000300000           
0330001300074Q 011000012968456806EDNA MIRANDA BARRETO SANTOS             EST DOS GUATAMBUS, 52                   ITAPECERICA SER06857820SAO PAULO      SP0000000000000000                                        000000000000                   
0330001300075P 010001001301476520130147652  0000000094781511  0000000000094781807201700000000000128400000 02N120720173000000000000000000000000000000000000000000000000000000000000000000000000000000000000000000000000009478000300000           
0330001300076Q 011000006348363821BERNADETE L DE SOUSA PASCHUETTO         RUA RUI BARBOSA,361,APTO 142 BL.1       VILA BOA VISTA 09190370SANTO ANDRE    SP0000000000000000                                        000000000000                   
0330001300077P 010001001301476520130147652  0000000094455511  0000000000094451807201700000000000649100000 02N120720173000000000000000000000000000000000000000000000000000000000000000000000000000000000000000000000000009445000300000           
0330001300078Q 011000030500537801CLAUDIA SOUSA DA SILVA                  RUA DESCALVADO, 80                      VL FRAN MATARAZ09241210STO ANDRE      SP0000000000000000                                        000000000000                   
0330001300079P 010001001301476520130147652  0000000095354511  0000000000095351807201700000000001794300000 02N120720173000000000000000000000000000000000000000000000000000000000000000000000000000000000000000000000000009535000300000           
0330001300080Q 011000010081975805EMPEDOCLES DOMINGOS DA SILVA            AV GEOVANI GRONCHI, 6675 PQ BRASIL,AP17 VLA ANDRADE    05724902SAO PAULO      SP0000000000000000                                        000000000000                   
0330001300081P 010001001301476520130147652  0000000095656511  0000000000095651807201700000000009420300000 02N120720173000000000000000000000000000000000000000000000000000000000000000000000000000000000000000000000000009565000300000           
0330001300082Q 011000006388831800FLORALICE DO CARMO N SILVA              RUA MILANO  (LOTEAMENTO VILLA DESTE,760 JARDIM RIO DAS 06703794COTIA          SP0000000000000000                                        000000000000                   
0330001300083P 010001001301476520130147652  0000000094706511  0000000000094701807201700000000002285000000 02N120720173000000000000000000000000000000000000000000000000000000000000000000000000000000000000000000000000009470000300000           
0330001300084Q 011000013997663840JANIRA CARNEIRO DA SILVA                RUA VICTORIO NATAL GASTAURO, 116        JD PALERMA     09780425SAO B DO CAMPO SP0000000000000000                                        000000000000                   
0330001300085P 010001001301476520130147652  0000000094731511  0000000000094731807201700000000002329100000 02N120720173000000000000000000000000000000000000000000000000000000000000000000000000000000000000000000000000009473000300000           
0330001300086Q 011000056186010872MARIA CECILIA ROCHA SOLERA              R PAULISTANIA, 413 AP 04                SUMAREZINHO    05440000SAO PAULO      SP0000000000000000                                        000000000000                   
0330001300087P 010001001301476520130147652  0000000095702511  0000000000095701807201700000000008608700000 02N120720173000000000000000000000000000000000000000000000000000000000000000000000000000000000000000000000000009570000300000           
0330001300088Q 011000001242740805MARIA ANTONIA PAULA                     AVENIDA RIBEIRAO BRANCO,58,A            JARDIM CAIUBI  08588450ITAQUAQUECETUBASP0000000000000000                                        000000000000                   
0330001300089P 010001001301476520130147652  0000000094927511  0000000000094921807201700000000002963500000 02N120720173000000000000000000000000000000000000000000000000000000000000000000000000000000000000000000000000009492000300000           
0330001300090Q 011000007998259809CARLOS ALBERTO DE CAMPOS                R FERNANDO COSTA 322                    PQ GERASSI     09120305SANTO ANDRE    SP0000000000000000                                        000000000000                   
0330001300091P 010001001301476520130147652  0000000095079511  0000000000095071807201700000000001090900000 02N120720173000000000000000000000000000000000000000000000000000000000000000000000000000000000000000000000000009507000300000           
0330001300092Q 011000000383259851ELISABETE MARTINES LOPES                RUA DAS ORQUIDEAS, 239 BL 02 AP 21      VL MARCHI      09810390S B CAMPO      SP0000000000000000                                        000000000000                   
0330001300093P 010001001301476520130147652  0000000094528511  0000000000094521807201700000000001637600000 02N120720173000000000000000000000000000000000000000000000000000000000000000000000000000000000000000000000000009452000300000           
0330001300094Q 011000016173912805SILVIO CUSTODIO                         R DR CINCINATO BRAGA, 691 BL 02,54      PLANALTO       09890300SAO B DO CAMPO SP0000000000000000                                        000000000000                   
0330001300095P 010001001301476520130147652  0000000094871511  0000000000094871807201700000000001167800000 02N120720173000000000000000000000000000000000000000000000000000000000000000000000000000000000000000000000000009487000300000           
0330001300096Q 011000005530538843REGINA CELIA DA SILVA CARVALHO          EST DOUGLAS W GOMES DE ARAUJO, 35       JD BOM SUCESSO 06335140CARAPICUIBA    SP0000000000000000                                        000000000000                   
0330001300097P 010001001301476520130147652  0000000095672511  0000000000095671807201700000000000821200000 02N120720173000000000000000000000000000000000000000000000000000000000000000000000000000000000000000000000000009567000300000           
0330001300098Q 011000004410407805EDILEUZA IZABEL ZANETTI                 RUA DAS ANTAS, 10 AP 52 BL 01           SITIO ORATORIO 03978470SAO PAULO      SP0000000000000000                                        000000000000                   
0330001300099P 010001001301476520130147652  0000000095486511  0000000000095481807201700000000001845000000 02N120720173000000000000000000000000000000000000000000000000000000000000000000000000000000000000000000000000009548000300000           
0330001300100Q 011000004889769870UBALDO REGIS PEROSSI CARRADO            R RELOGIO DO SOL, 147                   LAPA           05065080SAO PAULO      SP0000000000000000                                        000000000000                   
0330001300101P 010001001301476520130147652  0000000094757511  0000000000094751807201700000000001167800000 02N120720173000000000000000000000000000000000000000000000000000000000000000000000000000000000000000000000000009475000300000           
0330001300102Q 011000008009875864ELZA FELIX DOS SANTOS                   RUA GREGORIO DE MATOS GUERRA, 76        BAIRRO CASAS   09850040SAO B DO CAMPO SP0000000000000000                                        000000000000                   
0330001300103P 010001001301476520130147652  0000000095567511  0000000000095561807201700000000000588200000 02N120720173000000000000000000000000000000000000000000000000000000000000000000000000000000000000000000000000009556000300000           
0330001300104Q 011000025999769876CLAUDIA VIEIRA MOTA                     R TELEMENEZES 117                       JD SILVINIA    09791160SAO B DO CAMPO SP0000000000000000                                        000000000000                   
0330001300105P 010001001301476520130147652  0000000095052511  0000000000095051807201700000000001045200000 02N120720173000000000000000000000000000000000000000000000000000000000000000000000000000000000000000000000000009505000300000           
0330001300106Q 011000014067824831JOSE CARLOS ALVES DA SILVA              ESTRADA SAO FRANCISC,1668,APTO.96 BL. 02JD ENRIQUETA   06764290TABOAO DA SERRASP0000000000000000                                        000000000000                   
0330001300107P 010001001301476520130147652  0000000095711511  0000000000095711807201700000000004277100000 02N120720173000000000000000000000000000000000000000000000000000000000000000000000000000000000000000000000000009571000300000           
0330001300108Q 011000006113811840RAQUEL DE CASTRO COTTING                RUA GERMANIA, 1221                      PQ NOV ORATORIO09260250STO ANDRE      SP0000000000000000                                        000000000000                   
0330001300109P 010001001301476520130147652  0000000095011511  0000000000095011807201700000000003115800000 02N120720173000000000000000000000000000000000000000000000000000000000000000000000000000000000000000000000000009501000300000           
0330001300110Q 011000005773898829MARIA APARECIDA MAZAIA                  TRAV ITAPOLIS, 16                       V F MATARAZZO  09240550STO ANDRE      SP0000000000000000                                        000000000000                   
0330001300111P 010001001301476520130147652  0000000095541511  0000000000095541807201700000000001167800000 02N120720173000000000000000000000000000000000000000000000000000000000000000000000000000000000000000000000000009554000300000           
0330001300112Q 011000009256803895VERA ALICE DE LIMA                      RUA GIUSEPPE ULIANI, S/N CASA 206       JD QUATRO MARIA09820160SAO B DO CAMPO SP0000000000000000                                        000000000000                   
0330001300113P 010001001301476520130147652  0000000094511511  0000000000094511807201700000000000535900000 02N120720173000000000000000000000000000000000000000000000000000000000000000000000000000000000000000000000000009451000300000           
0330001300114Q 011000015639490837LUCIANO DE LIMA DOS SANTOS              RUA MIGUEL GALINDO NAVARRO437 CASA7     JD ARAGUAIA    09371335MAUA           SP0000000000000000                                        000000000000                   
0330001300115P 010001001301476520130147652  0000000094358511  0000000000094351807201700000000000649200000 02N120720173000000000000000000000000000000000000000000000000000000000000000000000000000000000000000000000000009435000300000           
0330001300116Q 011000007411862843JOSELIO OLIVEIRA SANTOS                 R ANTONIO RAPOSSO BARRETO, 31 BL 04,32  JD DAS FLORES  04904170SAO PAULO      SP0000000000000000                                        000000000000                   
0330001300117P 010001001301476520130147652  0000000095591511  0000000000095591807201700000000003036300000 02N120720173000000000000000000000000000000000000000000000000000000000000000000000000000000000000000000000000009559000300000           
0330001300118Q 011000008647742818FATIMA A F GIANCATERINO                 R BRASILIO MACHADO, 173 AP62 6ANDAR     CENTRO         09715140SAO B DO CAMPO SP0000000000000000                                        000000000000                   
0330001300119P 010001001301476520130147652  0000000094773511  0000000000094771807201700000000001845000000 02N120720173000000000000000000000000000000000000000000000000000000000000000000000000000000000000000000000000009477000300000           
0330001300120Q 011000005539961854MARIA APARECIDA MALTA                   R ACUCENA, 1017                         JD DAS FLORES  06110160OSASCO         SP0000000000000000                                        000000000000                   
0330001300121P 010001001301476520130147652  0000000094978511  0000000000094971807201700000000003983400000 02N120720173000000000000000000000000000000000000000000000000000000000000000000000000000000000000000000000000009497000300000           
0330001300122Q 011000082913692834JOSE RUBENS QUADRADO                    AV BRIG MANOEL R JORDAO, 347            JD SILVEIRA    06433010BARUERI        SP0000000000000000                                        000000000000                   
0330001300123P 010001001301476520130147652  0000000094498511  0000000000094491807201700000000001620500000 02N120720173000000000000000000000000000000000000000000000000000000000000000000000000000000000000000000000000009449000300000           
0330001300124Q 011000014626502873ROSELI CRISTINA MARTINS                 AV SARA LIRLIS, 222 BL 05 AP 1001       VL GESTOMAR    09130220STO ANDRE      SP0000000000000000                                        000000000000                   
0330001300125P 010001001301476520130147652  0000000095321511  0000000000095321807201700000000002169600000 02N120720173000000000000000000000000000000000000000000000000000000000000000000000000000000000000000000000000009532000300000           
0330001300126Q 011000016102175867ANA PAULA BARBOSA SOUZA                 AV DR ALBERTO JACKSON BRI,BLOCO 04 - 24 VL MENK        06273050OSASCO         SP0000000000000000                                        000000000000                   
0330001300127P 010001001301476520130147652  0000000094341511  0000000000094341807201700000000000385600000 02N120720173000000000000000000000000000000000000000000000000000000000000000000000000000000000000000000000000009434000300000           
0330001300128Q 011000025625236879MARCELO DE OLIVEIRA BONETTI             R CARLOS MARIGUELA, 352                 JD TEREZA      02875000SAO PAULO      SP0000000000000000                                        000000000000                   
0330001300129P 010001001301476520130147652  0000000095168511  0000000000095161807201700000000004292800000 02N120720173000000000000000000000000000000000000000000000000000000000000000000000000000000000000000000000000009516000300000           
0330001300130Q 011000001121330886MARIA LUCIA DE FATIMA                   R DR.IGNACIO PROENCA DE GOUVEIA,911     CASA VERDE     02534010SAO PAULO      SP0000000000000000                                        000000000000                   
0330001300131P 010001001301476520130147652  0000000095524511  0000000000095521807201700000000001176400000 02N120720173000000000000000000000000000000000000000000000000000000000000000000000000000000000000000000000000009552000300000           
0330001300132Q 011000021442382864ADRIANA CRISTINA BOLDRIN                R PAPA PAULO VI, 200 AP 43 ED SANTO     JD IRAJA       09781250SAO B DO CAMPO SP0000000000000000                                        000000000000                   
0330001300133P 010001001301476520130147652  0000000095257511  0000000000095251807201700000000001615000000 02N120720173000000000000000000000000000000000000000000000000000000000000000000000000000000000000000000000000009525000300000           
0330001300134Q 011000009737924851VERA LOPES DA SILVA                     RUA EMILIO RIBAS,210                    VILA APIAI     09185380SANTO ANDRE    SP0000000000000000                                        000000000000                   
0330001300135P 010001001301476520130147652  0000000094901511  0000000000094901807201700000000003671000000 02N120720173000000000000000000000000000000000000000000000000000000000000000000000000000000000000000000000000009490000300000           
0330001300136Q 011000025790828833MARIA DE FATIMA A P MENDRIGO            AV JOSE ESTEVAS DE MAGALHA,BLOCO 51 - B JABAQUARA      04332050SAO PAULO      SP0000000000000000                                        000000000000                   
0330001300137P 010001001301476520130147652  0000000094846511  0000000000094841807201700000000003024700000 02N120720173000000000000000000000000000000000000000000000000000000000000000000000000000000000000000000000000009484000300000           
0330001300138Q 011000019241729848ELAINE MIRANDA ZEFERINO                 RUA PATRICIA GALVAO, 20                 POR DO SOL     09951496DIADEMA        SP0000000000000000                                        000000000000                   
0330001300139P 010001001301476520130147652  0000000094862511  0000000000094861807201700000000000798300000 02N120720173000000000000000000000000000000000000000000000000000000000000000000000000000000000000000000000000009486000300000           
0330001300140Q 011000011238251811VERA APARECIDA DAMACENO                 R MARIA JOANA ROSA , 96                 JD DE ABRIL    06040040OSASCO         SP0000000000000000                                        000000000000                   
0330001300141P 010001001301476520130147652  0000000095036511  0000000000095031807201700000000001815400000 02N120720173000000000000000000000000000000000000000000000000000000000000000000000000000000000000000000000000009503000300000           
0330001300142Q 011000008368028884CLAUDIO DOMINGUES                       ESTRADA DE ITAPECERICA,1528,APTO 64 BL 1VILA PREL      05835004SAO PAULO      SP0000000000000000                                        000000000000                   
0330001300143P 010001001301476520130147652  0000000095401511  0000000000095401807201700000000001196700000 02N120720173000000000000000000000000000000000000000000000000000000000000000000000000000000000000000000000000009540000300000           
0330001300144Q 011000011963826892NADIR CRISTINA DA SILVA                 R DIOGO BOTELHO, 80                     JD ALBA CASA GR09963060DIADEMA        SP0000000000000000                                        000000000000                   
0330001300145P 010001001301476520130147652  0000000095631511  0000000000095631807201700000000001615000000 02N120720173000000000000000000000000000000000000000000000000000000000000000000000000000000000000000000000000009563000300000           
0330001300146Q 011000008209168894MARIA DE FATIMA DOS SANTOS              R NICOLAU SINGER, 27                    DEMARCHE       09820310S B CAMPO      SP0000000000000000                                        000000000000                   
0330001300147P 010001001301476520130147652  0000000094943511  0000000000094941807201700000000001045300000 02N120720173000000000000000000000000000000000000000000000000000000000000000000000000000000000000000000000000009494000300000           
0330001300148Q 011000006554238859LILIANE CRISTINE ROSA                   R JOSE PALOMINO, 53                     VILA SILVIA    03280020SAO PAULO      SP0000000000000000                                        000000000000                   
0330001300149P 010001001301476520130147652  0000000094684511  0000000000094681807201700000000002216000000 02N120720173000000000000000000000000000000000000000000000000000000000000000000000000000000000000000000000000009468000300000           
0330001300150Q 011000029020905872ELIZABETH MYRIAM TEIXEIRA DA COSTA      R APARECIDA TEODORO DE CARVALHO,20      JACANA         02273020SAO PAULO      SP0000000000000000                                        000000000000                   
0330001300151P 010001001301476520130147652  0000000094366511  0000000000094361807201700000000002132900000 02N120720173000000000000000000000000000000000000000000000000000000000000000000000000000000000000000000000000009436000300000           
0330001300152Q 011000018476130805ED CARLOS FERREIRA LIMA                 RUA PROF ANTONIO AUSTRAGESIL,177,CASA 15JARDIM BOA ESPE05867000SAO PAULO      SP0000000000000000                                        000000000000                   
0330001300153P 010001001301476520130147652  0000000095061511  0000000000095061807201700000000001745500000 02N120720173000000000000000000000000000000000000000000000000000000000000000000000000000000000000000000000000009506000300000           
0330001300154Q 011000005814188839SERGIO PINTO DE BARROS                  RUA BARIRI, 423 AP 07                   PQ PARAISO     06850430ITA SERRA      SP0000000000000000                                        000000000000                   
0330001300155P 010001001301476520130147652  0000000094651511  0000000000094651807201700000000009530800000 02N120720173000000000000000000000000000000000000000000000000000000000000000000000000000000000000000000000000009465000300000           
0330001300156Q 011000003610817828NEUSA DAS GRACAS MARTINS                R ALEXANDRE RAPIN, 23 AP 92             JD CELESTE     04195110SAO PAULO      SP0000000000000000                                        000000000000                   
0330001300157P 010001001301476520130147652  0000000094714511  0000000000094711807201700000000002329100000 02N120720173000000000000000000000000000000000000000000000000000000000000000000000000000000000000000000000000009471000300000           
0330001300158Q 011000022266895834LEOPOLDINA DE ALMEIDA COUTO             R PRESIDENTE DUTRA, 36 AP 27            VL EUCLIDES    09725530SAO B DO CAMPO SP0000000000000000                                        000000000000                   
0330001300159P 010001001301476520130147652  0000000094765511  0000000000094761807201700000000001167800000 02N120720173000000000000000000000000000000000000000000000000000000000000000000000000000000000000000000000000009476000300000           
0330001300160Q 011000006104664881SUELI MARIA DA SILVA SA                 RUA CRISTIANO ANGELI,1596               ASSUNCAO       09812601SAO BERNARDO DOSP0000000000000000                                        000000000000                   
0330001300161P 010001001301476520130147652  0000000094471511  0000000000094471807201700000000001209600000 02N120720173000000000000000000000000000000000000000000000000000000000000000000000000000000000000000000000000009447000300000           
0330001300162Q 011000014906504825DIONISIO LEITE RIBEIRO                  R ENI ALVES SOUZA LEITE, 51             JD STA MARGARID11111111SAO PAULO      SP0000000000000000                                        000000000000                   
0330001300163P 010001001301476520130147652  0000000095371511  0000000000095371807201700000000001167800000 02N120720173000000000000000000000000000000000000000000000000000000000000000000000000000000000000000000000000009537000300000           
0330001300164Q 011000026655583861MARIA HELENA FERREIRA COSTA             R EDUARDO LOBO, 194                     PQ IMPERIAL    04302090SAO PAULO      SP0000000000000000                                        000000000000                   
0330001300165P 010001001301476520130147652  0000000095151511  0000000000095151807201700000000000694000000 02N120720173000000000000000000000000000000000000000000000000000000000000000000000000000000000000000000000000009515000300000           
0330001300166Q 011000026039111801REGIS ELOY LOPES DE OLIVEIRA            R PAPA PAULO VI, 200 AP 43              JD IRAJA       09781250SAO B DO CAMPO SP0000000000000000                                        000000000000                   
0330001300167P 010001001301476520130147652  0000000095648511  0000000000095641807201700000000001223200000 02N120720173000000000000000000000000000000000000000000000000000000000000000000000000000000000000000000000000009564000300000           
0330001300168Q 011000001154017842ZILDA MARIA DA ROCHA DE MOURA           RUA PROFESSOR THOMAZ DE AQUINO,403      JARDIM MARIA ES04180110SAO PAULO      SP0000000000000000                                        000000000000                   
0330001300169P 010001001301476520130147652  0000000095109511  0000000000095101807201700000000001522100000 02N120720173000000000000000000000000000000000000000000000000000000000000000000000000000000000000000000000000009510000300000           
0330001300170Q 011000025134977836GLORIA ALVES DE SOUZA                   R ROLANDO GAMBINI, 56                   ASSUNCAO       09811130SAO B DO CAMPO SP0000000000000000                                        000000000000                   
0330001300171P 010001001301476520130147652  0000000094609511  0000000000094601807201700000000001827900000 02N120720173000000000000000000000000000000000000000000000000000000000000000000000000000000000000000000000000009460000300000           
0330001300172Q 011000099741644868MARLI RODRIGUES SILVA                   R MANOEL GARCIA BERNARDES, 125          VL JOANIZA     04403260SAO PAULO      SP0000000000000000                                        000000000000                   
0330001300173P 010001001301476520130147652  0000000094838511  0000000000094831807201700000000001845000000 02N120720173000000000000000000000000000000000000000000000000000000000000000000000000000000000000000000000000009483000300000           
0330001300174Q 011000004916195884LUCIA HELENA MARTINEZ                   R FREDERICO VON MARTIUS, 255 AP 91      V MONUMENTO    01548010SAO PAULO      SP0000000000000000                                        000000000000                   
0330001300175P 010001001301476520130147652  0000000095249511  0000000000095241807201700000000003677900000 02N120720173000000000000000000000000000000000000000000000000000000000000000000000000000000000000000000000000009524000300000           
0330001300176Q 011000012522543857MARIA NOELY DE ALMEIDA SALES            R POTI, 10                              JD CRISPIM     06866180ITAP SERRA     SP0000000000000000                                        000000000000                   
0330001300177P 010001001301476520130147652  0000000094404511  0000000000094401807201700000000000385600000 02N120720173000000000000000000000000000000000000000000000000000000000000000000000000000000000000000000000000009440000300000           
0330001300178Q 011000025448572855ANA CLAUDIA DA CUNHA RIBEIRO            RUA ADOLFO REILE,286,APTO 31B           JD CELESTE     04195070SAO PAULO      SP0000000000000000                                        000000000000                   
0330001300179P 010001001301476520130147652  0000000095559511  0000000000095551807201700000000001398700000 02N120720173000000000000000000000000000000000000000000000000000000000000000000000000000000000000000000000000009555000300000           
0330001300180Q 011000025080704837ERICA MARSON MACHADO                    TRAVESSA BENIAMINO GIGLI,116,APTO 22    JARDIM NASCIMEN09771330SAO BERNARDO DOSP0000000000000000                                        000000000000                   
0330001300181P 010001001301476520130147652  0000000094854511  0000000000094851807201700000000001522000000 02N120720173000000000000000000000000000000000000000000000000000000000000000000000000000000000000000000000000009485000300000           
0330001300182Q 011000025081040860FLAVIA MARTINS                          R FRANCISCO VISENTAINER,549 AP2121      ASSUNCAO       09861630SAO B DO CAMPO SP0000000000000000                                        000000000000                   
0330001300183P 010001001301476520130147652  0000000094749511  0000000000094741807201700000000001113900000 02N120720173000000000000000000000000000000000000000000000000000000000000000000000000000000000000000000000000009474000300000           
0330001300184Q 011000002890927873ROSELI RODRIGUES ALBARELLA              RUA DAS PAPOULAS,109                    DEMARCHI       09820510SAO B DO CAMPO SP0000000000000000                                        000000000000                   
0330001300185P 010001001301476520130147652  0000000094897511  0000000000094891807201700000000002850500000 02N120720173000000000000000000000000000000000000000000000000000000000000000000000000000000000000000000000000009489000300000           
0330001300186Q 011000005354701856ADENAIDE MARINHEIRO DE LIMA             RUA LAGOINHA DE LESTE,222               JD CECI        02872060SAO PAULO      SP0000000000000000                                        000000000000                   
0330001300187P 010001001301476520130147652  0000000095281511  0000000000095281807201700000000005424900000 02N120720173000000000000000000000000000000000000000000000000000000000000000000000000000000000000000000000000009528000300000           
0330001300188Q 011000014422490800MARCOS ANTONIO TORRES                   R COLONIA LEOPOLDINA, 193 AP 14         ERM.MATARAZO   03821020SAO PAULO      SP0000000000000000                                        000000000000                   
0330001300189P 010001001301476520130147652  0000000094501511  0000000000094501807201700000000000503300000 02N120720173000000000000000000000000000000000000000000000000000000000000000000000000000000000000000000000000009450000300000           
0330001300190Q 011000028668694863ALINE ARAUJO DINIZ                      R CUZCO, 217                            JD SAULO ALBERT09260280SAO PAULO      SP0000000000000000                                        000000000000                   
0330001300191P 010001001301476520130147652  0000000095231511  0000000000095231807201700000000000694000000 02N120720173000000000000000000000000000000000000000000000000000000000000000000000000000000000000000000000000009523000300000           
0330001300192Q 011000021476970874PATRICIA DA CONCEICAO DE MELO           R GOIAS, 104                            PQ DAS FONTES  09430480RIBEIRAO PIRES SP0000000000000000                                        000000000000                   
0330001300193P 010001001301476520130147652  0000000094421511  0000000000094421807201700000000000581000000 02N120720173000000000000000000000000000000000000000000000000000000000000000000000000000000000000000000000000009442000300000           
0330001300194Q 011000068544235700SANDRA MARIA DE SOUZA ARAUJO            R DR ZUQUIM, 472 AP 07                  SANTANA        02035020SAO PAULO      SP0000000000000000                                        000000000000                   
0330001300195P 010001001301476520130147652  0000000095291511  0000000000095291807201700000000001045200000 02N120720173000000000000000000000000000000000000000000000000000000000000000000000000000000000000000000000000009529000300000           
0330001300196Q 011000012820191800MARCIO A VIAN MOURAO                    R DR PAULO RIBEIRO COELHO, 172          RIO PEQUENO    05374000SAO PAULO      SP0000000000000000                                        000000000000                   
0330001300197P 010001001301476520130147652  0000000095346511  0000000000095341807201700000000002819700000 02N120720173000000000000000000000000000000000000000000000000000000000000000000000000000000000000000000000000009534000300000           
0330001300198Q 011000007338804877CLAUDIO DOS SANTOS SILVA                FRANCISCO SOLER, 427                    JD PIRITUBA    05143280SAO PAULO      SP0000000000000000                                        000000000000                   
0330001300199P 010001001301476520130147652  0000000095141511  0000000000095141807201700000000001045100000 02N120720173000000000000000000000000000000000000000000000000000000000000000000000000000000000000000000000000009514000300000           
0330001300200Q 011000063592487515MARYLAN RODRIGUES PEREIRA SANCHES       RUA PRINCESA LEOPOLDINA, 574            ALTO DA LAPA   05081090SAO PAULO      SP0000000000000000                                        000000000000                   
0330001300201P 010001001301476520130147652  0000000095214511  0000000000095211807201700000000001202900000 02N120720173000000000000000000000000000000000000000000000000000000000000000000000000000000000000000000000000009521000300000           
0330001300202Q 011000007374465874MARIA EDNA SANTOS                       RUA SIRIOS,355                          ANCHIETA       09606100SAO B DO CAMPO SP0000000000000000                                        000000000000                   
0330001300203P 010001001301476520130147652  0000000095478511  0000000000095471807201700000000003577700000 02N120720173000000000000000000000000000000000000000000000000000000000000000000000000000000000000000000000000009547000300000           
0330001300204Q 011000010158096851ELIANA MARIA LINS                       R ITAICI, 315 AP 123                    STA TEREZINHA  02460030SAO PAULO      SP0000000000000000                                        000000000000                   
0330001300205P 010001001301476520130147652  0000000094889511  0000000000094881807201700000000004114400000 02N120720173000000000000000000000000000000000000000000000000000000000000000000000000000000000000000000000000009488000300000           
0330001300206Q 011000007104506802RAIMUNDO ALVES DA SILVA                 RUA MANDACARU 102                       JD NOV ESPERANC07956020FRANC. MORATO  SP0000000000000000                                        000000000000                   
0330001300207P 010001001301476520130147652  0000000094821511  0000000000094821807201700000000000686200000 02N120720173000000000000000000000000000000000000000000000000000000000000000000000000000000000000000000000000009482000300000           
0330001300208Q 011000025532185832FABIO DE LUNA REIS                      R JOSE ELIAS DE ALMEIDA, 821            JD ROBRU       08150230SAO PAULO      SP0000000000000000                                        000000000000                   
0330001300209P 010001001301476520130147652  0000000094951511  0000000000094951807201700000000001765100000 02N120720173000000000000000000000000000000000000000000000000000000000000000000000000000000000000000000000000009495000300000           
0330001300210Q 011000008887711852MARIA RITA PAULINO DO NASCIMENTO        R NOSSA SRA DOS MESES, 867 AP12,BLOCO A VL DAS MESES   04165001SAO PAULO      SP0000000000000000                                        000000000000                   
0330001300211P 010001001301476520130147652  0000000094447511  0000000000094441807201700000000000485400000 02N120720173000000000000000000000000000000000000000000000000000000000000000000000000000000000000000000000000009444000300000           
0330001300212Q 011000018556791832VALERIA DE PAULA SAADS                  RUA HERMES DE OLIVEIRA, 33              VL QUINTAUNA   06080120OSASCO         SP0000000000000000                                        000000000000                   
0330001300213P 010001001301476520130147652  0000000094986511  0000000000094981807201700000000001613100000 02N120720173000000000000000000000000000000000000000000000000000000000000000000000000000000000000000000000000009498000300000           
0330001300214Q 011000014010864893MARIA INEZ CELLA                        AV PEDRO II, 3179                       CAMPESTRE      09080111STO ANDRE      SP0000000000000000                                        000000000000                   
0330001300215P 010001001301476520130147652  0000000095206511  0000000000095201807201700000000003846600000 02N120720173000000000000000000000000000000000000000000000000000000000000000000000000000000000000000000000000009520000300000           
0330001300216Q 011000005369111855JULIO VICENTE DE SOUZA                  R DR MARINHO DE ANDRADE, 158 FUNDOS     JD JAMAICA     05743170SAO PAULO      SP0000000000000000                                        000000000000                   
0330001300217P 010001001301476520130147652  0000000094536511  0000000000094531807201700000000000485400000 02N120720173000000000000000000000000000000000000000000000000000000000000000000000000000000000000000000000000009453000300000           
0330001300218Q 011000019259245800SONIA REGINA ESTEVEM DA SILVA           R TIRADENTES, 1837 BL 02 AP 27          STA TEREZINHA  09781220SAO B DO CAMPO SP0000000000000000                                        000000000000                   
0330001300219P 010001001301476520130147652  0000000095028511  0000000000095021807201700000000002338800000 02N120720173000000000000000000000000000000000000000000000000000000000000000000000000000000000000000000000000009502000300000           
0330001300220Q 011000010705824845EDNA CRISTINA DE OLIVEIRA ELIAS         AV JOSE ODORIZZI, 2471 BL 9 AP23        PQ DOS PASSAROS09851007SAO B DO CAMPO SP0000000000000000                                        000000000000                   
0330001300221P 010001001301476520130147652  0000000095389511  0000000000095381807201700000000004689300000 02N120720173000000000000000000000000000000000000000000000000000000000000000000000000000000000000000000000000009538000300000           
0330001300222Q 011000007254933803ELIZETE CARVALHO DE ANDRADE             AL DOM PEDRO DE ALCANTARA, 584          N PETROPOLIS   09771281SAO B DO CAMPO SP0000000000000000                                        000000000000                   
0330001300223P 010001001301476520130147652  0000000095494511  0000000000095491807201700000000000567800000 02N120720173000000000000000000000000000000000000000000000000000000000000000000000000000000000000000000000000009549000300000           
0330001300224Q 011000026381725885CLEITON PODADERA BECHFLANI              R GONCALVES DIAS, 325                   JD PORTUGAL    09715160SAO B CAMPO    SP0000000000000000                                        000000000000                   
0330001300225P 010001001301476520130147652  0000000095583511  0000000000095581807201700000000001166600000 02N120720173000000000000000000000000000000000000000000000000000000000000000000000000000000000000000000000000009558000300000           
0330001300226Q 011000009990318808RAQUEL ZAMBIANCO DE MORAES              RUA IPE ,300,BL.26 APTO.12              JD ESTRELA     09340570MAUA           SP0000000000000000                                        000000000000                   
0330001300227P 010001001301476520130147652  0000000095419511  0000000000095411807201700000000001166400000 02N120720173000000000000000000000000000000000000000000000000000000000000000000000000000000000000000000000000009541000300000           
0330001300228Q 011000011407486888RICHARD CERCHIARI                       RUA ISABEL SPINA PERELLA, 246           GUARULHOS      07031040GUARULHOS      SP0000000000000000                                        000000000000                   
0330001300229P 010001001301476520130147652  0000000094439511  0000000000094431807201700000000000845800000 02N120720173000000000000000000000000000000000000000000000000000000000000000000000000000000000000000000000000009443000300000           
0330001300230Q 011000058779388272VINICIO BELO DE SOUZA JUNIOR            R DR CINCINATO BRAGA, 691 BL 01,AP51    PLANALTO       09690300S B DO CAMPO   SP0000000000000000                                        000000000000                   
0330001300231P 010001001301476520130147652  0000000095184511  0000000000095181807201700000000004529900000 02N120720173000000000000000000000000000000000000000000000000000000000000000000000000000000000000000000000000009518000300000           
0330001300232Q 011000073801208672DARCILIA MARIA TEIXEIRA                 RUA BARRETOS,203                        JARDIM ORATORIO09381130MAUA           SP0000000000000000                                        000000000000                   
0330001300233P 010001001301476520130147652  0000000095508511  0000000000095501807201700000000001691300000 02N120720173000000000000000000000000000000000000000000000000000000000000000000000000000000000000000000000000009550000300000           
0330001300234Q 011000014209208809RENALDO ZAMBONI DE SALLES               RUA PIRATININGA, 477 BL1 AP 173         BRAS           03042001SAO PAULO      SP0000000000000000                                        000000000000                   
0330001300235P 010001001301476520130147652  0000000095044511  0000000000095041807201700000000001166600000 02N120720173000000000000000000000000000000000000000000000000000000000000000000000000000000000000000000000000009504000300000           
0330001300236Q 011000007451298892ARLETE DA SILVA                         R BARTOLOMEU DE GUSMAO, 70 AP 94,BLA    V SAO FRANCISCO09310680MAUA           SP0000000000000000                                        000000000000                   
0330001300237P 010001001301476520130147652  0000000094463511  0000000000094461807201700000000000369900000 02N120720173000000000000000000000000000000000000000000000000000000000000000000000000000000000000000000000000009446000300000           
0330001300238Q 011000016691615875GLEICE CRISTINE LEOCADIO                R STA GREGORIA, 213                     CIDADE DUTRA   04806030SAO PAULO      SP0000000000000000                                        000000000000                   
0330001300239P 010001001301476520130147652  0000000094391511  0000000000094391807201700000000000369900000 02N120720173000000000000000000000000000000000000000000000000000000000000000000000000000000000000000000000000009439000300000           
0330001300240Q 011000019481186881ADRIANA ALVES GOMES                     RUA CAMPO SANTO, 180 AP 24 BL2          PQ DAS NACOES  00928195SANTO ANDRE    SP0000000000000000                                        000000000000                   
0330001300241P 010001001301476520130147652  0000000094481511  0000000000094481807201700000000000485400000 02N120720173000000000000000000000000000000000000000000000000000000000000000000000000000000000000000000000000009448000300000           
0330001300242Q 011000017321179850ELAINE CRISTINA DIAS MONTEIRO           R LUCAS DE CAMARGO, 105                 VL INDUSTRIAL  03257130SAO PAULO      SP0000000000000000                                        000000000000                   
0330001300243P 010001001301476520130147652  0000000094374511  0000000000094371807201700000000000485400000 02N120720173000000000000000000000000000000000000000000000000000000000000000000000000000000000000000000000000009437000300000           
0330001300244Q 011000024829902892APARECIDA SILVA                         R SILVIO BARBINI, 212 AP 33C            ITAQUERA       08250650SAO PAULO      SP0000000000000000                                        000000000000                   
0330001300245P 010001001301476520130147652  0000000094331511  0000000000094331807201700000000000368900000 02N120720173000000000000000000000000000000000000000000000000000000000000000000000000000000000000000000000000009433000300000           
0330001300246Q 011000027527671882ANDERSON AUGUSTO DOS SANTOS             HIMALAIA 459 APTO 03                    PQ NOV ORATORIO09270430STOP ANDRE     SP0000000000000000                                        000000000000                   
0330001300247P 010001001301476520130147652  0000000095621511  0000000000095621807201700000000001148300000 02N120720173000000000000000000000000000000000000000000000000000000000000000000000000000000000000000000000000009562000300000           
0330001300248Q 011000033355198846ALINE PENHA DOS SANTOS                  RUA CUBATAO, 77                         BAETA NEVES    09760440S B CAMPO      SP0000000000000000                                        000000000000                   
0330001300249P 010001001301476520130147652  0000000095001511  0000000000095001807201700000000006153400000 02N120720173000000000000000000000000000000000000000000000000000000000000000000000000000000000000000000000000009500000300000           
0330001300250Q 011000068397836853SILVIA LUCAS P DE SOUZA                 RUA CAMPOS SALLES, 219                  VL STA TEREZINA09770190SAO B CAMPO    SP0000000000000000                                        000000000000                   
0330001300251P 010001001301476520130147652  0000000095516511  0000000000095511807201700000000003982200000 02N120720173000000000000000000000000000000000000000000000000000000000000000000000000000000000000000000000000009551000300000           
0330001300252Q 011000053708369815PERCIVAL BATISTA DE HOLANDA             R BAROEL, 83 AP 11                      CENTRO         08675000SUZANO         SP0000000000000000                                        000000000000                   
0330001300253P 010001001301476520130147652  0000000094692511  0000000000094691807201700000000008349600000 02N120720173000000000000000000000000000000000000000000000000000000000000000000000000000000000000000000000000009469000300000           
0330001300254Q 011000000380692880ANALICE MARIA T DE OLIVEIRA             R TANGER 319                            PQ N ORATORIO  09251140STO ANDRE      SP0000000000000000                                        000000000000                   
0330001300255P 010001001301476520130147652  0000000095125511  0000000000095121807201700000000001044100000 02N120720173000000000000000000000000000000000000000000000000000000000000000000000000000000000000000000000000009512000300000           
0330001300256Q 011000014683305860WANDERLEY FRANCISCO DA SILVA            R JOAQUIM ESPINOSA, 221 CASA 06         J SAO LUIZ     05812070SAO PAULO      SP0000000000000000                                        000000000000                   
0330001300257P 010001001301476520130147652  0000000094935511  0000000000094931807201700000000001769800000 02N120720173000000000000000000000000000000000000000000000000000000000000000000000000000000000000000000000000009493000300000           
0330001300258Q 011000007639006805SILVANA APARECIDA DE SOUZA              RUA JOAO MARIANO FRANCO,226             ALTO DA BOA VIS08715650MOGI DAS CRUZESSP0000000000000000                                        000000000000                   
0330001300259P 010001001301476520130147652  0000000094994511  0000000000094991807201700000000001050800000 02N120720173000000000000000000000000000000000000000000000000000000000000000000000000000000000000000000000000009499000300000           
0330001300260Q 011000001430943866MARISALVA BRITO N NASCIMENTO            R CAPIVARI, 465 CS 02                   PQ LUIZA       06816160EMBU DAS ARTES SP0000000000000000                                        000000000000                   
0330001300261P 010001001301476520130147652  0000000094641511  0000000000094641807201700000000002218600000 02N120720173000000000000000000000000000000000000000000000000000000000000000000000000000000000000000000000000009464000300000           
0330001300262Q 011000000851347835ELISABETE FERREIRA GARCIA               RUA TUPI, 160 AP 23                     CERAMICA       09530530SAO CAETANO DOLSP0000000000000000                                        000000000000                   
0330001300263P 010001001301476520130147652  0000000095303511  0000000000095301807201700000000001173000000 02N120720173000000000000000000000000000000000000000000000000000000000000000000000000000000000000000000000000009530000300000           
0330001300264Q 011000001457584867WAGNER PADUAN                           AV BENJAMIN HARRIS HUNNI,BLOCO 9 - AP42 VL RIO DE JANEI07124000GUARULHOS      SP0000000000000000                                        000000000000                   
0330001300265P 010001001301476520130147652  0000000094552511  0000000000094551807201700000000007277100000 02N120720173000000000000000000000000000000000000000000000000000000000000000000000000000000000000000000000000009455000300000           
0330001300266Q 011000099753405804ZULEIDE FERREIRA DOS SANTOS             RUA ANA MARIA TV.SAO JUDAS, 11          VL MARIANA     09780630SAO B DO CAMPO SP0000000000000000                                        000000000000                   
0330001300267P 010001001301476520130147652  0000000095575511  0000000000095571807201700000000009666100000 02N120720173000000000000000000000000000000000000000000000000000000000000000000000000000000000000000000000000009557000300000           
0330001300268Q 011000008263016819MARINA RIBEIRO AVELINO                  E ESTEVAO JORDAN, 254 AP 931            JD MONICA      05861300SAO PAULO      SP0000000000000000                                        000000000000                   
0330001300269P 010001001301476520130147652  0000000095176511  0000000000095171807201700000000002737000000 02N120720173000000000000000000000000000000000000000000000000000000000000000000000000000000000000000000000000009517000300000           
0330001300270Q 011000005320093802RENATO MATEUS DOS SANTOS                RUA ITALIA 68                           JD ORIENTAL    06033060SAO PAULO      SP0000000000000000                                        000000000000                   
0330001300271P 010001001301476520130147652  0000000095311511  0000000000095311807201700000000002386300000 02N120720173000000000000000000000000000000000000000000000000000000000000000000000000000000000000000000000000009531000300000           
0330001300272Q 011000012898603864MARCIO MELHADOS                         R WOLSTEIN, 116 A                       VL GRANADA     03623010SAO PAULO      SP0000000000000000                                        000000000000                   
0330001300273P 010001001301476520130147652  0000000095461511  0000000000095461807201700000000002737000000 02N120720173000000000000000000000000000000000000000000000000000000000000000000000000000000000000000000000000009546000300000           
0330001300274Q 011000006788635803JANE RODRIGUES RIBEIRO                  R VITORIO TAFARELLO, 54                 VL QUINTAUNA   06192150OSASCO         SP0000000000000000                                        000000000000                   
0330001300275P 010001001301476520130147652  0000000095427511  0000000000095421807201700000000001173000000 02N120720173000000000000000000000000000000000000000000000000000000000000000000000000000000000000000000000000009542000300000           
0330001300276Q 011000011445735806JOAQUIM JOSE R JUNIOR                   R JOSEPHINA LIUZZI DE MOR,BLOCO A - 310 J MARIA ROSA   06763140TABOAO DA SERRASP0000000000000000                                        000000000000                   
0330001300277P 010001001301476520130147652  0000000095133511  0000000000095131807201700000000001050800000 02N120720173000000000000000000000000000000000000000000000000000000000000000000000000000000000000000000000000009513000300000           
0330001300278Q 011000089928172820ANA IRES SANTOS SILVA                   PASSAGEM BRENO CALDAS, 27               VL CAMPO GRANDE04447025SAO PAULO      SP0000000000000000                                        000000000000                   
0330001300279P 010001001301476520130147652  0000000094668511  0000000000094661807201700000000000509200000 02N120720173000000000000000000000000000000000000000000000000000000000000000000000000000000000000000000000000009466000300000           
0330001300280Q 011000002214941894CELSO HYMALAIA DA CONCEICAO             RUAS DOS COQUEIROS, 665 AP 16           CAMPESTRE      09080010STO ANDRE      SP0000000000000000                                        000000000000                   
03300015         000282                                                                                                                                                                                                                         
03399999         000001000284                                                                                                                                                                                                                   