03300000        2049938327000106000100001201344                         UBRASP - UNIAO BRASILEIRA     Banco Santander                         106022017      000065040                                                                          
03300011R01  030 2049938327000106                    000100001201344     UBRASP - UNIAO BRASILEIRA                                                                                     0000000106022017                                         
0330001300001P 010001001301476520130147652  0000000050581511  0000000000050581502201700000000000162500000 02N060220173000000000000000000000000000000000000000000000000000000000000000000000000000000000000000000000000005058000300000           
0330001300002Q 011000021476970874PATRICIA DA CONCEICAO DE MELO           R GOIAS, 104                            PQ DAS FONTES  09430480RIBEIRAO PIRES SP0000000000000000                                        000000000000                   
0330001300003P 010001001301476520130147652  0000000049778511  0000000000049771502201700000000001071700000 02N060220173000000000000000000000000000000000000000000000000000000000000000000000000000000000000000000000000004977000300000           
0330001300004Q 011000014041925819MARIA DA GLORIA DE FREITAS SOUSA        
03300015         000006                                                                                                                                                                                                                         
03399999         000001000008                                                                                                                                                                                                                   