03300000        2049938327000106000100001201344                         UBRASP - UNIAO BRASILEIRA     Banco Santander                         106062017      000096040                                                                          
03300011R01  030 2049938327000106                    000100001201344     UBRASP - UNIAO BRASILEIRA                                                                                     0000000106062017                                         
0330001300001P 010001001301476520130147652  0000000091065511  0000000000091061506201700000000001054700000 02N060620173000000000000000000000000000000000000000000000000000000000000000000000000000000000000000000000000009106000300000           
0330001300002Q 011000010022645888SILVANA SANTOS DA ROCHA                 RUA BERGAL, 87                          SAO JOAO CLIMAC04240090SAO PAULO      SP0000000000000000                                        000000000000                   
0330001300003P 010001001301476520130147652  0000000091332511  0000000000091331506201700000000000515400000 02N060620173000000000000000000000000000000000000000000000000000000000000000000000000000000000000000000000000009133000300000           
0330001300004Q 011000005333681899TANIA CRISTINA BAPTISTA                 RUA 18 DE OUTUBRO, 279                  JD MARIA ESTELA04180030SAO PAULO      SP0000000000000000                                        000000000000                   
0330001300005P 010001001301476520130147652  0000000090964511  0000000000090961506201700000000003983400000 02N060620173000000000000000000000000000000000000000000000000000000000000000000000000000000000000000000000000009096000300000           
0330001300006Q 011000053507576872TANIA APARECIDA CHAGAS SOARES           R GALEAZZO ALESSI, 70 AP 162            V MONTE ALEGRE 04305050SAO PAULO      SP0000000000000000                                        000000000000                   
0330001300007P 010001001301476520130147652  0000000090417511  0000000000090411506201700000000000606400000 02N060620173000000000000000000000000000000000000000000000000000000000000000000000000000000000000000000000000009041000300000           
0330001300008Q 011000003088728865CICERO VALTER HOLANDA                   RUA SEURREBES BARBOSA,140,A             VILA OLINDA    03380210SAO PAULO      SP0000000000000000                                        000000000000                   
0330001300009P 010001001301476520130147652  0000000091464511  0000000000091461506201700000000000028800000 02N060620173000000000000000000000000000000000000000000000000000000000000000000000000000000000000000000000000009146000300000           
0330001300010Q 011000088788733653MARINIUZA ALVES DE ALMEIDA              R RUI DE MORAIS APOCALIPSE,312,BLOCO 20 JD DO TIRO     02842260SAO PAULO      SP0000000000000000                                        000000000000                   
0330001300011P 010001001301476520130147652  0000000090786511  0000000000090781506201700000000002813600000 02N060620173000000000000000000000000000000000000000000000000000000000000000000000000000000000000000000000000009078000300000           
0330001300012Q 011000007573271840IARA APARECIDA DE ARRUDA                R HELENA AP SECOL, 280 B 03 AP 144      JD PALERMO     09780595S B CAMPO      SP0000000000000000                                        000000000000                   
0330001300013P 010001001301476520130147652  0000000091367511  0000000000091361506201700000000001845000000 02N060620173000000000000000000000000000000000000000000000000000000000000000000000000000000000000000000000000009136000300000           
0330001300014Q 011000006348492800MARCELO CINTRA ROLIM                    RUA CARLOS DO PINHAL, 345/2002          C CEZAR        01333001SAO PAULO      SP0000000000000000                                        000000000000                   
0330001300015P 010001001301476520130147652  0000000090441511  0000000000090441506201700000000002329100000 02N060620173000000000000000000000000000000000000000000000000000000000000000000000000000000000000000000000000009044000300000           
0330001300016Q 011000009470824849MARIA IGNES GARRATA MENEZES             RUA ESTADO DE ISRAEL, 435 AP 133        VL CLEMENTINO  04022900SAO PAULO      SP0000000000000000                                        000000000000                   
0330001300017P 010001001301476520130147652  0000000090379511  0000000000090371506201700000000002718900000 02N060620173000000000000000000000000000000000000000000000000000000000000000000000000000000000000000000000000009037000300000           
0330001300018Q 011000001022673831JOSE ANTONIO DE ARAUJO                  ESTRADA DO SABAO, 1403 AP 68 BL 2       JD MARISTELA   02806000SAO PAULO      SP0000000000000000                                        000000000000                   
0330001300019P 010001001301476520130147652  0000000090875511  0000000000090871506201700000000006155300000 02N060620173000000000000000000000000000000000000000000000000000000000000000000000000000000000000000000000000009087000300000           
0330001300020Q 011000087157470853NEUSA MARIA DE O B FERNANDES            RUA AMAIBA,111                          PARADA INGLESA 02307140SAO PAULO      SP0000000000000000                                        000000000000                   
0330001300021P 010001001301476520130147652  0000000090611511  0000000000090611506201700000000001845000000 02N060620173000000000000000000000000000000000000000000000000000000000000000000000000000000000000000000000000009061000300000           
0330001300022Q 011000008695983846JOAO HENRIQUE  TENORIO JUNIOR           R DR ANGELO VITA,112 APTO 154           TATUAPE        03069000SAO PAULO      SP0000000000000000                                        000000000000                   
0330001300023P 010001001301476520130147652  0000000090451511  0000000000090451506201700000000016359600000 02N060620173000000000000000000000000000000000000000000000000000000000000000000000000000000000000000000000000009045000300000           
0330001300024Q 011000075783444804MARISA APARECIDA LOPES PINTER           R ANTONIETA LEITAO,357,APTO.133         FREGUESIA DO O 02925160SAO PAULO      SP0000000000000000                                        000000000000                   
0330001300025P 010001001301476520130147652  0000000090311511  0000000000090311506201700000000000649100000 02N060620173000000000000000000000000000000000000000000000000000000000000000000000000000000000000000000000000009031000300000           
0330001300026Q 011000012526032822DULCINEIA BARBOSA GARCIA                AV ARMANDO BEI, 401 AP 44 BL 1          CI NV BONSUCESO07175000GUARULHOS      SP0000000000000000                                        000000000000                   
0330001300027P 010001001301476520130147652  0000000091481511  0000000000091481506201700000000001461100000 02N060620173000000000000000000000000000000000000000000000000000000000000000000000000000000000000000000000000009148000300000           
0330001300028Q 011000000340639865ROSALINA FATIMA SILVA SILVEIRA          AV LAZAR SEGAL, 373                     IMIRIM         02543010SAO PAULO      SP0000000000000000                                        000000000000                   
0330001300029P 010001001301476520130147652  0000000090867511  0000000000090861506201700000000000694000000 02N060620173000000000000000000000000000000000000000000000000000000000000000000000000000000000000000000000000009086000300000           
0330001300030Q 011000020393191826EMERSON JOSE FERRADOSA DE SOUZA         R ARTHUR BERNARDES 247                  VL INVERNADA   03490000SAO PAULO      SP0000000000000000                                        000000000000                   
0330001300031P 010001001301476520130147652  0000000090204511  0000000000090201506201700000000000506300000 02N060620173000000000000000000000000000000000000000000000000000000000000000000000000000000000000000000000000009020000300000           
0330001300032Q 011000013074770899MARCELO MOURA DE CAMPOS                 RUA MONSENHOR MANOEL GOMES, 261         PIRITUBA       02975120SAO PAULO      SP0000000000000000                                        000000000000                   
0330001300033P 010001001301476520130147652  0000000090591511  0000000000090591506201700000000001026000000 02N060620173000000000000000000000000000000000000000000000000000000000000000000000000000000000000000000000000009059000300000           
0330001300034Q 011000087491591868SONIA MARIA EDWIRGES                    AV NICOLAU JACINTO,685,BL 5 APTO.43     CIDADE A. E. CA03687010SAO PAULO      SP0000000000000000                                        000000000000                   
0330001300035P 010001001301476520130147652  0000000090981511  0000000000090981506201700000000000905600000 02N060620173000000000000000000000000000000000000000000000000000000000000000000000000000000000000000000000000009098000300000           
0330001300036Q 011000014039227808ALEXANDRA PEREIRA                       RUA BALACLAVA, 871                      J STO ALBERTO  09260440STO ANDRE      SP0000000000000000                                        000000000000                   
0330001300037P 010001001301476520130147652  0000000091405511  0000000000091401506201700000000000019200000 02N060620173000000000000000000000000000000000000000000000000000000000000000000000000000000000000000000000000009140000300000           
0330001300038Q 011000007250788809JOSIANE CAPUCHO SILVA                   RUA LATERAL, 374                        V NOVA IORQUE  03479000SAO PAULO      SP0000000000000000                                        000000000000                   
0330001300039P 010001001301476520130147652  0000000090549511  0000000000090541506201700000000009635000000 02N060620173000000000000000000000000000000000000000000000000000000000000000000000000000000000000000000000000009054000300000           
0330001300040Q 011000007612029863HERMOGENES FELIPE FILHO                 RUA PAULO LEOPES DE LEAO, 501           ITAQUERA       08210520SAO PAULO      SP0000000000000000                                        000000000000                   
0330001300041P 010001001301476520130147652  0000000091324511  0000000000091321506201700000000001766500000 02N060620173000000000000000000000000000000000000000000000000000000000000000000000000000000000000000000000000009132000300000           
0330001300042Q 011000001470170841SONIA DE OLIVEIRA B CALIXTER            RUA DAS SERINGUEIRAS, 373 AP 74         JABAQUARA      04321070SAO PAULO      SP0000000000000000                                        000000000000                   
0330001300043P 010001001301476520130147652  0000000090913511  0000000000090911506201700000000000821200000 02N060620173000000000000000000000000000000000000000000000000000000000000000000000000000000000000000000000000009091000300000           
0330001300044Q 011000018309688822MARISTELA HEREDIA                       R PADRE ANTONIO DE SOUZA LIMA, 170      VL EURO        09810170S B DO CAMPO   SP0000000000000000                                        000000000000                   
0330001300045P 010001001301476520130147652  0000000091006511  0000000000091001506201700000000001460600000 02N060620173000000000000000000000000000000000000000000000000000000000000000000000000000000000000000000000000009100000300000           
0330001300046Q 011000014013454840PATRICIA REGIANE DAS NEVES              AV MOINHO FABRINE, 1262                 VL COCA        09862000S B DO CAMPO   SP0000000000000000                                        000000000000                   
0330001300047P 010001001301476520130147652  0000000091162511  0000000000091161506201700000000005419300000 02N060620173000000000000000000000000000000000000000000000000000000000000000000000000000000000000000000000000009116000300000           
0330001300048Q 011000003630357881ELY MATOS                               R MARIA MARI,88                         JD MONTE ALEGRE06755390T  DA SERRA    SP0000000000000000                                        000000000000                   
0330001300049P 010001001301476520130147652  0000000090824511  0000000000090821506201700000000002360300000 02N060620173000000000000000000000000000000000000000000000000000000000000000000000000000000000000000000000000009082000300000           
0330001300050Q 011000097590223468JACI DE SOUZA E SILVA                   R IGNACIO MANOEL ALTAMIRANO,85          JD SABIA       04856555SAO PAULO      SP0000000000000000                                        000000000000                   
0330001300051P 010001001301476520130147652  0000000091278511  0000000000091271506201700000000001845000000 02N060620173000000000000000000000000000000000000000000000000000000000000000000000000000000000000000000000000009127000300000           
0330001300052Q 011000007271790802DENISE FERNANDES FACINA                 RUA ITU, 33 AP 33 BL B                  BAETA NEVES    09751040SAO B DO CAMPO SP0000000000000000                                        000000000000                   
0330001300053P 010001001301476520130147652  0000000091121511  0000000000091121506201700000000001045100000 02N060620173000000000000000000000000000000000000000000000000000000000000000000000000000000000000000000000000009112000300000           
0330001300054Q 011000018035780840SONIA APARECIDA DOS SANTOS              R PROGRESSO, 170                        VL AURORA      09780130S B DO CAMPO   SP0000000000000000                                        000000000000                   
0330001300055P 010001001301476520130147652  0000000090344511  0000000000090341506201700000000000503300000 02N060620173000000000000000000000000000000000000000000000000000000000000000000000000000000000000000000000000009034000300000           
0330001300056Q 011000030860820864CAMILA SANTOS TEODORO                   RUA CAMPO SANTO, 379 BL 3 APTO 41       PQ DAS NACOES  09280195SANTO ANDRE    SP0000000000000000                                        000000000000                   
0330001300057P 010001001301476520130147652  0000000090395511  0000000000090391506201700000000001223200000 02N060620173000000000000000000000000000000000000000000000000000000000000000000000000000000000000000000000000009039000300000           
0330001300058Q 011000005582018816DIRCE PEREIRA SALES                     R GINGADINHO, 44 PASSAGEM D             JD SA BENTO NOV05886410SAO PAULO      SP0000000000000000                                        000000000000                   
0330001300059P 010001001301476520130147652  0000000090468511  0000000000090461506201700000000002329100000 02N060620173000000000000000000000000000000000000000000000000000000000000000000000000000000000000000000000000009046000300000           
0330001300060Q 011000005589720800EMILIA EMIRENE NOGUEIRA                 RUA LEANDRO DUPRET, 662 AP 31           VL CLEMENTINO  04025013SAO PAULO      SP0000000000000000                                        000000000000                   
0330001300061P 010001001301476520130147652  0000000090409511  0000000000090401506201700000000003188200000 02N060620173000000000000000000000000000000000000000000000000000000000000000000000000000000000000000000000000009040000300000           
0330001300062Q 011000082858195820JOAQUIM DAS CHAGAS SOARES NETO          AV CEL JOSE PIRES DE ANDRADE 646,182    VL ELISIO      04295001SAO PAULO      SP0000000000000000                                        000000000000                   
0330001300063P 010001001301476520130147652  0000000091031511  0000000000091031506201700000000003781200000 02N060620173000000000000000000000000000000000000000000000000000000000000000000000000000000000000000000000000009103000300000           
0330001300064Q 011000003338176805GEREMIAS FILOMENO DE FARIAS             ESTR DAS CABREUVAL, 280                 CH STA MARIA   06856860ITAP DA SERRA  SP0000000000000000                                        000000000000                   
0330001300065P 010001001301476520130147652  0000000090999511  0000000000090991506201700000000002784500000 02N060620173000000000000000000000000000000000000000000000000000000000000000000000000000000000000000000000000009099000300000           
0330001300066Q 011000006470787835JOSE ALTAMIRO NUNES DA SILVA            AV MARIA HELENA, 32 CASA 04             JD DINARAH     06703100COTIA          SP0000000000000000                                        000000000000                   
0330001300067P 010001001301476520130147652  0000000090492511  0000000000090491506201700000000002329100000 02N060620173000000000000000000000000000000000000000000000000000000000000000000000000000000000000000000000000009049000300000           
0330001300068Q 011000084687231853CLEUSA DE MIRANDA CAOBIANCO             R TEIXEIRA DA SILVA, 363 AP 11          PARAISO        04002031SAO PAULO      SP0000000000000000                                        000000000000                   
0330001300069P 010001001301476520130147652  0000000091235511  0000000000091231506201700000000000959900000 02N060620173000000000000000000000000000000000000000000000000000000000000000000000000000000000000000000000000009123000300000           
0330001300070Q 011000012968456806EDNA MIRANDA BARRETO SANTOS             EST DOS GUATAMBUS, 52                   ITAPECERICA SER06857820SAO PAULO      SP0000000000000000                                        000000000000                   
0330001300071P 010001001301476520130147652  0000000090581511  0000000000090581506201700000000000128400000 02N060620173000000000000000000000000000000000000000000000000000000000000000000000000000000000000000000000000009058000300000           
0330001300072Q 011000006348363821BERNADETE L DE SOUSA PASCHUETTO         RUA RUI BARBOSA,361,APTO 142 BL.1       VILA BOA VISTA 09190370SANTO ANDRE    SP0000000000000000                                        000000000000                   
0330001300073P 010001001301476520130147652  0000000090255511  0000000000090251506201700000000000649100000 02N060620173000000000000000000000000000000000000000000000000000000000000000000000000000000000000000000000000009025000300000           
0330001300074Q 011000030500537801CLAUDIA SOUSA DA SILVA                  RUA DESCALVADO, 80                      VL FRAN MATARAZ09241210STO ANDRE      SP0000000000000000                                        000000000000                   
0330001300075P 010001001301476520130147652  0000000091197511  0000000000091191506201700000000001794300000 02N060620173000000000000000000000000000000000000000000000000000000000000000000000000000000000000000000000000009119000300000           
0330001300076Q 011000010081975805EMPEDOCLES DOMINGOS DA SILVA            AV GEOVANI GRONCHI, 6675 PQ BRASIL,AP17 VLA ANDRADE    05724902SAO PAULO      SP0000000000000000                                        000000000000                   
0330001300077P 010001001301476520130147652  0000000091049511  0000000000091041506201700000000009420300000 02N060620173000000000000000000000000000000000000000000000000000000000000000000000000000000000000000000000000009104000300000           
0330001300078Q 011000006388831800FLORALICE DO CARMO N SILVA              RUA MILANO  (LOTEAMENTO VILLA DESTE,760 JARDIM RIO DAS 06703794COTIA          SP0000000000000000                                        000000000000                   
0330001300079P 010001001301476520130147652  0000000090531511  0000000000090531506201700000000002285000000 02N060620173000000000000000000000000000000000000000000000000000000000000000000000000000000000000000000000000009053000300000           
0330001300080Q 011000013997663840JANIRA CARNEIRO DA SILVA                RUA VICTORIO NATAL GASTAURO, 116        JD PALERMA     09780425SAO B DO CAMPO SP0000000000000000                                        000000000000                   
0330001300081P 010001001301476520130147652  0000000090425511  0000000000090421506201700000000002329100000 02N060620173000000000000000000000000000000000000000000000000000000000000000000000000000000000000000000000000009042000300000           
0330001300082Q 011000056186010872MARIA CECILIA ROCHA SOLERA              R PAULISTANIA, 413 AP 04                SUMAREZINHO    05440000SAO PAULO      SP0000000000000000                                        000000000000                   
0330001300083P 010001001301476520130147652  0000000090751511  0000000000090751506201700000000002963500000 02N060620173000000000000000000000000000000000000000000000000000000000000000000000000000000000000000000000000009075000300000           
0330001300084Q 011000007998259809CARLOS ALBERTO DE CAMPOS                R FERNANDO COSTA 322                    PQ GERASSI     09120305SANTO ANDRE    SP0000000000000000                                        000000000000                   
0330001300085P 010001001301476520130147652  0000000090638511  0000000000090631506201700000000001090900000 02N060620173000000000000000000000000000000000000000000000000000000000000000000000000000000000000000000000000009063000300000           
0330001300086Q 011000000383259851ELISABETE MARTINES LOPES                RUA DAS ORQUIDEAS, 239 BL 02 AP 21      VL MARCHI      09810390S B CAMPO      SP0000000000000000                                        000000000000                   
0330001300087P 010001001301476520130147652  0000000090182511  0000000000090181506201700000000001637600000 02N060620173000000000000000000000000000000000000000000000000000000000000000000000000000000000000000000000000009018000300000           
0330001300088Q 011000016173912805SILVIO CUSTODIO                         R DR CINCINATO BRAGA, 691 BL 02,54      PLANALTO       09890300SAO B DO CAMPO SP0000000000000000                                        000000000000                   
0330001300089P 010001001301476520130147652  0000000090701511  0000000000090701506201700000000001167800000 02N060620173000000000000000000000000000000000000000000000000000000000000000000000000000000000000000000000000009070000300000           
0330001300090Q 011000005530538843REGINA CELIA DA SILVA CARVALHO          EST DOUGLAS W GOMES DE ARAUJO, 35       JD BOM SUCESSO 06335140CARAPICUIBA    SP0000000000000000                                        000000000000                   
0330001300091P 010001001301476520130147652  0000000091057511  0000000000091051506201700000000000821200000 02N060620173000000000000000000000000000000000000000000000000000000000000000000000000000000000000000000000000009105000300000           
0330001300092Q 011000004410407805EDILEUZA IZABEL ZANETTI                 RUA DAS ANTAS, 10 AP 52 BL 01           SITIO ORATORIO 03978470SAO PAULO      SP0000000000000000                                        000000000000                   
0330001300093P 010001001301476520130147652  0000000091316511  0000000000091311506201700000000001845000000 02N060620173000000000000000000000000000000000000000000000000000000000000000000000000000000000000000000000000009131000300000           
0330001300094Q 011000004889769870UBALDO REGIS PEROSSI CARRADO            R RELOGIO DO SOL, 147                   LAPA           05065080SAO PAULO      SP0000000000000000                                        000000000000                   
0330001300095P 010001001301476520130147652  0000000090557511  0000000000090551506201700000000001167800000 02N060620173000000000000000000000000000000000000000000000000000000000000000000000000000000000000000000000000009055000300000           
0330001300096Q 011000008009875864ELZA FELIX DOS SANTOS                   RUA GREGORIO DE MATOS GUERRA, 76        BAIRRO CASAS   09850040SAO B DO CAMPO SP0000000000000000                                        000000000000                   
0330001300097P 010001001301476520130147652  0000000090972511  0000000000090971506201700000000000588200000 02N060620173000000000000000000000000000000000000000000000000000000000000000000000000000000000000000000000000009097000300000           
0330001300098Q 011000025999769876CLAUDIA VIEIRA MOTA                     R TELEMENEZES 117                       JD SILVINIA    09791160SAO B DO CAMPO SP0000000000000000                                        000000000000                   
0330001300099P 010001001301476520130147652  0000000091391511  0000000000091391506201700000000001045200000 02N060620173000000000000000000000000000000000000000000000000000000000000000000000000000000000000000000000000009139000300000           
0330001300100Q 011000014067824831JOSE CARLOS ALVES DA SILVA              ESTRADA SAO FRANCISC,1668,APTO.96 BL. 02JD ENRIQUETA   06764290TABOAO DA SERRASP0000000000000000                                        000000000000                   
0330001300101P 010001001301476520130147652  0000000090671511  0000000000090671506201700000000003115800000 02N060620173000000000000000000000000000000000000000000000000000000000000000000000000000000000000000000000000009067000300000           
0330001300102Q 011000005773898829MARIA APARECIDA MAZAIA                  TRAV ITAPOLIS, 16                       V F MATARAZZO  09240550STO ANDRE      SP0000000000000000                                        000000000000                   
0330001300103P 010001001301476520130147652  0000000091251511  0000000000091251506201700000000001167800000 02N060620173000000000000000000000000000000000000000000000000000000000000000000000000000000000000000000000000009125000300000           
0330001300104Q 011000009256803895VERA ALICE DE LIMA                      RUA GIUSEPPE ULIANI, S/N CASA 206       JD QUATRO MARIA09820160SAO B DO CAMPO SP0000000000000000                                        000000000000                   
0330001300105P 010001001301476520130147652  0000000090212511  0000000000090211506201700000000000535900000 02N060620173000000000000000000000000000000000000000000000000000000000000000000000000000000000000000000000000009021000300000           
0330001300106Q 011000015639490837LUCIANO DE LIMA DOS SANTOS              RUA MIGUEL GALINDO NAVARRO437 CASA7     JD ARAGUAIA    09371335MAUA           SP0000000000000000                                        000000000000                   
0330001300107P 010001001301476520130147652  0000000090221511  0000000000090221506201700000000000649200000 02N060620173000000000000000000000000000000000000000000000000000000000000000000000000000000000000000000000000009022000300000           
0330001300108Q 011000007411862843JOSELIO OLIVEIRA SANTOS                 R ANTONIO RAPOSSO BARRETO, 31 BL 04,32  JD DAS FLORES  04904170SAO PAULO      SP0000000000000000                                        000000000000                   
0330001300109P 010001001301476520130147652  0000000091448511  0000000000091441506201700000000003036300000 02N060620173000000000000000000000000000000000000000000000000000000000000000000000000000000000000000000000000009144000300000           
0330001300110Q 011000008647742818FATIMA A F GIANCATERINO                 R BRASILIO MACHADO, 173 AP62 6ANDAR     CENTRO         09715140SAO B DO CAMPO SP0000000000000000                                        000000000000                   
0330001300111P 010001001301476520130147652  0000000090573511  0000000000090571506201700000000001845000000 02N060620173000000000000000000000000000000000000000000000000000000000000000000000000000000000000000000000000009057000300000           
0330001300112Q 011000005539961854MARIA APARECIDA MALTA                   R ACUCENA, 1017                         JD DAS FLORES  06110160OSASCO         SP0000000000000000                                        000000000000                   
0330001300113P 010001001301476520130147652  0000000090931511  0000000000090931506201700000000003983400000 02N060620173000000000000000000000000000000000000000000000000000000000000000000000000000000000000000000000000009093000300000           
0330001300114Q 011000082913692834JOSE RUBENS QUADRADO                    AV BRIG MANOEL R JORDAO, 347            JD SILVEIRA    06433010BARUERI        SP0000000000000000                                        000000000000                   
0330001300115P 010001001301476520130147652  0000000090301511  0000000000090301506201700000000001620500000 02N060620173000000000000000000000000000000000000000000000000000000000000000000000000000000000000000000000000009030000300000           
0330001300116Q 011000014626502873ROSELI CRISTINA MARTINS                 AV SARA LIRLIS, 222 BL 05 AP 1001       VL GESTOMAR    09130220STO ANDRE      SP0000000000000000                                        000000000000                   
0330001300117P 010001001301476520130147652  0000000091359511  0000000000091351506201700000000002169600000 02N060620173000000000000000000000000000000000000000000000000000000000000000000000000000000000000000000000000009135000300000           
0330001300118Q 011000016102175867ANA PAULA BARBOSA SOUZA                 AV DR ALBERTO JACKSON BRI,BLOCO 04 - 24 VL MENK        06273050OSASCO         SP0000000000000000                                        000000000000                   
0330001300119P 010001001301476520130147652  0000000090263511  0000000000090261506201700000000000385600000 02N060620173000000000000000000000000000000000000000000000000000000000000000000000000000000000000000000000000009026000300000           
0330001300120Q 011000025625236879MARCELO DE OLIVEIRA BONETTI             R CARLOS MARIGUELA, 352                 JD TEREZA      02875000SAO PAULO      SP0000000000000000                                        000000000000                   
0330001300121P 010001001301476520130147652  0000000091243511  0000000000091241506201700000000004292800000 02N060620173000000000000000000000000000000000000000000000000000000000000000000000000000000000000000000000000009124000300000           
0330001300122Q 011000001121330886MARIA LUCIA DE FATIMA                   R DR.IGNACIO PROENCA DE GOUVEIA,911     CASA VERDE     02534010SAO PAULO      SP0000000000000000                                        000000000000                   
0330001300123P 010001001301476520130147652  0000000091261511  0000000000091261506201700000000001176400000 02N060620173000000000000000000000000000000000000000000000000000000000000000000000000000000000000000000000000009126000300000           
0330001300124Q 011000021442382864ADRIANA CRISTINA BOLDRIN                R PAPA PAULO VI, 200 AP 43 ED SANTO     JD IRAJA       09781250SAO B DO CAMPO SP0000000000000000                                        000000000000                   
0330001300125P 010001001301476520130147652  0000000090832511  0000000000090831506201700000000001615000000 02N060620173000000000000000000000000000000000000000000000000000000000000000000000000000000000000000000000000009083000300000           
0330001300126Q 011000009737924851VERA LOPES DA SILVA                     RUA EMILIO RIBAS,210                    VILA APIAI     09185380SANTO ANDRE    SP0000000000000000                                        000000000000                   
0330001300127P 010001001301476520130147652  0000000091413511  0000000000091411506201700000000003671000000 02N060620173000000000000000000000000000000000000000000000000000000000000000000000000000000000000000000000000009141000300000           
0330001300128Q 011000025790828833MARIA DE FATIMA A P MENDRIGO            AV JOSE ESTEVAS DE MAGALHA,BLOCO 51 - B JABAQUARA      04332050SAO PAULO      SP0000000000000000                                        000000000000                   
0330001300129P 010001001301476520130147652  0000000090816511  0000000000090811506201700000000003024700000 02N060620173000000000000000000000000000000000000000000000000000000000000000000000000000000000000000000000000009081000300000           
0330001300130Q 011000019241729848ELAINE MIRANDA ZEFERINO                 RUA PATRICIA GALVAO, 20                 POR DO SOL     09951496DIADEMA        SP0000000000000000                                        000000000000                   
0330001300131P 010001001301476520130147652  0000000090662511  0000000000090661506201700000000000798300000 02N060620173000000000000000000000000000000000000000000000000000000000000000000000000000000000000000000000000009066000300000           
0330001300132Q 011000011238251811VERA APARECIDA DAMACENO                 R MARIA JOANA ROSA , 96                 JD DE ABRIL    06040040OSASCO         SP0000000000000000                                        000000000000                   
0330001300133P 010001001301476520130147652  0000000090948511  0000000000090941506201700000000001815400000 02N060620173000000000000000000000000000000000000000000000000000000000000000000000000000000000000000000000000009094000300000           
0330001300134Q 011000008368028884CLAUDIO DOMINGUES                       ESTRADA DE ITAPECERICA,1528,APTO 64 BL 1VILA PREL      05835004SAO PAULO      SP0000000000000000                                        000000000000                   
0330001300135P 010001001301476520130147652  0000000091091511  0000000000091091506201700000000001196700000 02N060620173000000000000000000000000000000000000000000000000000000000000000000000000000000000000000000000000009109000300000           
0330001300136Q 011000011963826892NADIR CRISTINA DA SILVA                 R DIOGO BOTELHO, 80                     JD ALBA CASA GR09963060DIADEMA        SP0000000000000000                                        000000000000                   
0330001300137P 010001001301476520130147652  0000000091383511  0000000000091381506201700000000001615000000 02N060620173000000000000000000000000000000000000000000000000000000000000000000000000000000000000000000000000009138000300000           
0330001300138Q 011000008209168894MARIA DE FATIMA DOS SANTOS              R NICOLAU SINGER, 27                    DEMARCHE       09820310S B CAMPO      SP0000000000000000                                        000000000000                   
0330001300139P 010001001301476520130147652  0000000091286511  0000000000091281506201700000000001045300000 02N060620173000000000000000000000000000000000000000000000000000000000000000000000000000000000000000000000000009128000300000           
0330001300140Q 011000006554238859LILIANE CRISTINE ROSA                   R JOSE PALOMINO, 53                     VILA SILVIA    03280020SAO PAULO      SP0000000000000000                                        000000000000                   
0330001300141P 010001001301476520130147652  0000000090506511  0000000000090501506201700000000002216000000 02N060620173000000000000000000000000000000000000000000000000000000000000000000000000000000000000000000000000009050000300000           
0330001300142Q 011000029020905872ELIZABETH MYRIAM TEIXEIRA DA COSTA      R APARECIDA TEODORO DE CARVALHO,20      JACANA         02273020SAO PAULO      SP0000000000000000                                        000000000000                   
0330001300143P 010001001301476520130147652  0000000090191511  0000000000090191506201700000000002132900000 02N060620173000000000000000000000000000000000000000000000000000000000000000000000000000000000000000000000000009019000300000           
0330001300144Q 011000018476130805ED CARLOS FERREIRA LIMA                 RUA PROF ANTONIO AUSTRAGESIL,177,CASA 15JARDIM BOA ESPE05867000SAO PAULO      SP0000000000000000                                        000000000000                   
0330001300145P 010001001301476520130147652  0000000090646511  0000000000090641506201700000000001745500000 02N060620173000000000000000000000000000000000000000000000000000000000000000000000000000000000000000000000000009064000300000           
0330001300146Q 011000005814188839SERGIO PINTO DE BARROS                  RUA BARIRI, 423 AP 07                   PQ PARAISO     06850430ITA SERRA      SP0000000000000000                                        000000000000                   
0330001300147P 010001001301476520130147652  0000000090522511  0000000000090521506201700000000002329100000 02N060620173000000000000000000000000000000000000000000000000000000000000000000000000000000000000000000000000009052000300000           
0330001300148Q 011000022266895834LEOPOLDINA DE ALMEIDA COUTO             R PRESIDENTE DUTRA, 36 AP 27            VL EUCLIDES    09725530SAO B DO CAMPO SP0000000000000000                                        000000000000                   
0330001300149P 010001001301476520130147652  0000000090565511  0000000000090561506201700000000001167800000 02N060620173000000000000000000000000000000000000000000000000000000000000000000000000000000000000000000000000009056000300000           
0330001300150Q 011000006104664881SUELI MARIA DA SILVA SA                 RUA CRISTIANO ANGELI,1596               ASSUNCAO       09812601SAO BERNARDO DOSP0000000000000000                                        000000000000                   
0330001300151P 010001001301476520130147652  0000000090298511  0000000000090291506201700000000001209600000 02N060620173000000000000000000000000000000000000000000000000000000000000000000000000000000000000000000000000009029000300000           
0330001300152Q 011000014906504825DIONISIO LEITE RIBEIRO                  R ENI ALVES SOUZA LEITE, 51             JD STA MARGARID11111111SAO PAULO      SP0000000000000000                                        000000000000                   
0330001300153P 010001001301476520130147652  0000000091014511  0000000000091011506201700000000001167800000 02N060620173000000000000000000000000000000000000000000000000000000000000000000000000000000000000000000000000009101000300000           
0330001300154Q 011000026655583861MARIA HELENA FERREIRA COSTA             R EDUARDO LOBO, 194                     PQ IMPERIAL    04302090SAO PAULO      SP0000000000000000                                        000000000000                   
0330001300155P 010001001301476520130147652  0000000090761511  0000000000090761506201700000000000694000000 02N060620173000000000000000000000000000000000000000000000000000000000000000000000000000000000000000000000000009076000300000           
0330001300156Q 011000026039111801REGIS ELOY LOPES DE OLIVEIRA            R PAPA PAULO VI, 200 AP 43              JD IRAJA       09781250SAO B DO CAMPO SP0000000000000000                                        000000000000                   
0330001300157P 010001001301476520130147652  0000000091472511  0000000000091471506201700000000001223200000 02N060620173000000000000000000000000000000000000000000000000000000000000000000000000000000000000000000000000009147000300000           
0330001300158Q 011000001154017842ZILDA MARIA DA ROCHA DE MOURA           R PROF TOMAZ DE AQUINO, 403             IPIRANGA       04118010SAO PAULO      SP0000000000000000                                        000000000000                   
0330001300159P 010001001301476520130147652  0000000091171511  0000000000091171506201700000000001522100000 02N060620173000000000000000000000000000000000000000000000000000000000000000000000000000000000000000000000000009117000300000           
0330001300160Q 011000025134977836GLORIA ALVES DE SOUZA                   R ROLANDO GAMBINI, 56                   ASSUNCAO       09811130SAO B DO CAMPO SP0000000000000000                                        000000000000                   
0330001300161P 010001001301476520130147652  0000000090689511  0000000000090681506201700000000001845000000 02N060620173000000000000000000000000000000000000000000000000000000000000000000000000000000000000000000000000009068000300000           
0330001300162Q 011000004916195884LUCIA HELENA MARTINEZ                   R FREDERICO VON MARTIUS, 255 AP 91      V MONUMENTO    01548010SAO PAULO      SP0000000000000000                                        000000000000                   
0330001300163P 010001001301476520130147652  0000000090859511  0000000000090851506201700000000001045300000 02N060620173000000000000000000000000000000000000000000000000000000000000000000000000000000000000000000000000009085000300000           
0330001300164Q 011000012522543857MARIA NOELY DE ALMEIDA SALES            R POTI, 10                              JD CRISPIM     06866180ITAP SERRA     SP0000000000000000                                        000000000000                   
0330001300165P 010001001301476520130147652  0000000090328511  0000000000090321506201700000000000385600000 02N060620173000000000000000000000000000000000000000000000000000000000000000000000000000000000000000000000000009032000300000           
0330001300166Q 011000025448572855ANA CLAUDIA DA CUNHA RIBEIRO            RUA ADOLFO REILE,286,APTO 31B           JD CELESTE     04195070SAO PAULO      SP0000000000000000                                        000000000000                   
0330001300167P 010001001301476520130147652  0000000091219511  0000000000091211506201700000000001398700000 02N060620173000000000000000000000000000000000000000000000000000000000000000000000000000000000000000000000000009121000300000           
0330001300168Q 011000025080704837ERICA MARSON MACHADO                    TRAVESSA BENIAMINO GIGLI,116,APTO 22    NOVA PETROPOLIS09781220SAO BERNARDO DOSP0000000000000000                                        000000000000                   
0330001300169P 010001001301476520130147652  0000000090921511  0000000000090921506201700000000001522000000 02N060620173000000000000000000000000000000000000000000000000000000000000000000000000000000000000000000000000009092000300000           
0330001300170Q 011000025081040860FLAVIA MARTINS                          R FRANCISCO VISENTAINER,549 AP2121      ASSUNCAO       09861630SAO B DO CAMPO SP0000000000000000                                        000000000000                   
0330001300171P 010001001301476520130147652  0000000090433511  0000000000090431506201700000000001113900000 02N060620173000000000000000000000000000000000000000000000000000000000000000000000000000000000000000000000000009043000300000           
0330001300172Q 011000002890927873ROSELI RODRIGUES ALBARELLA              RUA DAS PAPOULAS,109                    DEMARCHI       09820510SAO B DO CAMPO SP0000000000000000                                        000000000000                   
0330001300173P 010001001301476520130147652  0000000090743511  0000000000090741506201700000000002850500000 02N060620173000000000000000000000000000000000000000000000000000000000000000000000000000000000000000000000000009074000300000           
0330001300174Q 011000005354701856ADENAIDE MARINHEIRO DE LIMA             RUA LAGOINHA DE LESTE,222               JD CECI        02872060SAO PAULO      SP0000000000000000                                        000000000000                   
0330001300175P 010001001301476520130147652  0000000090808511  0000000000090801506201700000000005424900000 02N060620173000000000000000000000000000000000000000000000000000000000000000000000000000000000000000000000000009080000300000           
0330001300176Q 011000014422490800MARCOS ANTONIO TORRES                   R COLONIA LEOPOLDINA, 193 AP 14         ERM.MATARAZO   03821020SAO PAULO      SP0000000000000000                                        000000000000                   
0330001300177P 010001001301476520130147652  0000000090239511  0000000000090231506201700000000000503300000 02N060620173000000000000000000000000000000000000000000000000000000000000000000000000000000000000000000000000009023000300000           
0330001300178Q 011000028668694863ALINE ARAUJO DINIZ                      R CUZCO, 217                            JD SAULO ALBERT09260280SAO PAULO      SP0000000000000000                                        000000000000                   
0330001300179P 010001001301476520130147652  0000000090841511  0000000000090841506201700000000000694000000 02N060620173000000000000000000000000000000000000000000000000000000000000000000000000000000000000000000000000009084000300000           
0330001300180Q 011000021476970874PATRICIA DA CONCEICAO DE MELO           R GOIAS, 104                            PQ DAS FONTES  09430480RIBEIRAO PIRES SP0000000000000000                                        000000000000                   
0330001300181P 010001001301476520130147652  0000000090271511  0000000000090271506201700000000000581000000 02N060620173000000000000000000000000000000000000000000000000000000000000000000000000000000000000000000000000009027000300000           
0330001300182Q 011000068544235700SANDRA MARIA DE SOUZA ARAUJO            R DR ZUQUIM, 472 AP 07                  SANTANA        02035020SAO PAULO      SP0000000000000000                                        000000000000                   
0330001300183P 010001001301476520130147652  0000000090794511  0000000000090791506201700000000001045200000 02N060620173000000000000000000000000000000000000000000000000000000000000000000000000000000000000000000000000009079000300000           
0330001300184Q 011000012820191800MARCIO A VIAN MOURAO                    R DR PAULO RIBEIRO COELHO, 172          RIO PEQUENO    05374000SAO PAULO      SP0000000000000000                                        000000000000                   
0330001300185P 010001001301476520130147652  0000000091189511  0000000000091181506201700000000002819700000 02N060620173000000000000000000000000000000000000000000000000000000000000000000000000000000000000000000000000009118000300000           
0330001300186Q 011000007338804877CLAUDIO DOS SANTOS SILVA                FRANCISCO SOLER, 427                    JD PIRITUBA    05143280SAO PAULO      SP0000000000000000                                        000000000000                   
0330001300187P 010001001301476520130147652  0000000091456511  0000000000091451506201700000000001045100000 02N060620173000000000000000000000000000000000000000000000000000000000000000000000000000000000000000000000000009145000300000           
0330001300188Q 011000063592487515MARYLAN RODRIGUES PEREIRA SANCHES       RUA PRINCESA LEOPOLDINA, 574            ALTO DA LAPA   05081090SAO PAULO      SP0000000000000000                                        000000000000                   
0330001300189P 010001001301476520130147652  0000000090905511  0000000000090901506201700000000001202900000 02N060620173000000000000000000000000000000000000000000000000000000000000000000000000000000000000000000000000009090000300000           
0330001300190Q 011000007374465874MARIA EDNA SANTOS                       RUA SIRIOS,355                          ANCHIETA       09606100SAO B DO CAMPO SP0000000000000000                                        000000000000                   
0330001300191P 010001001301476520130147652  0000000091294511  0000000000091291506201700000000003577700000 02N060620173000000000000000000000000000000000000000000000000000000000000000000000000000000000000000000000000009129000300000           
0330001300192Q 011000010158096851ELIANA MARIA LINS                       R ITAICI, 315 AP 123                    STA TEREZINHA  02460030SAO PAULO      SP0000000000000000                                        000000000000                   
0330001300193P 010001001301476520130147652  0000000090735511  0000000000090731506201700000000004114400000 02N060620173000000000000000000000000000000000000000000000000000000000000000000000000000000000000000000000000009073000300000           
0330001300194Q 011000007104506802RAIMUNDO ALVES DA SILVA                 RUA MANDACARU 102                       JD NOV ESPERANC07956020FRANC. MORATO  SP0000000000000000                                        000000000000                   
0330001300195P 010001001301476520130147652  0000000090654511  0000000000090651506201700000000000686200000 02N060620173000000000000000000000000000000000000000000000000000000000000000000000000000000000000000000000000009065000300000           
0330001300196Q 011000025532185832FABIO DE LUNA REIS                      R JOSE ELIAS DE ALMEIDA, 821            JD ROBRU       08150230SAO PAULO      SP0000000000000000                                        000000000000                   
0330001300197P 010001001301476520130147652  0000000091154511  0000000000091151506201700000000001765100000 02N060620173000000000000000000000000000000000000000000000000000000000000000000000000000000000000000000000000009115000300000           
0330001300198Q 011000008887711852MARIA RITA PAULINO DO NASCIMENTO        R NOSSA SRA DOS MESES, 867 AP12,BLOCO A VL DAS MESES   04165001SAO PAULO      SP0000000000000000                                        000000000000                   
0330001300199P 010001001301476520130147652  0000000090247511  0000000000090241506201700000000000485400000 02N060620173000000000000000000000000000000000000000000000000000000000000000000000000000000000000000000000000009024000300000           
0330001300200Q 011000018556791832VALERIA DE PAULA SAADS                  RUA HERMES DE OLIVEIRA, 33              VL QUINTAUNA   06080120OSASCO         SP0000000000000000                                        000000000000                   
0330001300201P 010001001301476520130147652  0000000091081511  0000000000091081506201700000000001613100000 02N060620173000000000000000000000000000000000000000000000000000000000000000000000000000000000000000000000000009108000300000           
0330001300202Q 011000014010864893MARIA INEZ CELLA                        AV PEDRO II, 3179                       CAMPESTRE      09080111STO ANDRE      SP0000000000000000                                        000000000000                   
0330001300203P 010001001301476520130147652  0000000090883511  0000000000090881506201700000000003846600000 02N060620173000000000000000000000000000000000000000000000000000000000000000000000000000000000000000000000000009088000300000           
0330001300204Q 011000005369111855JULIO VICENTE DE SOUZA                  R DR MARINHO DE ANDRADE, 158 FUNDOS     JD JAMAICA     05743170SAO PAULO      SP0000000000000000                                        000000000000                   
0330001300205P 010001001301476520130147652  0000000090361511  0000000000090361506201700000000000485400000 02N060620173000000000000000000000000000000000000000000000000000000000000000000000000000000000000000000000000009036000300000           
0330001300206Q 011000019259245800SONIA REGINA ESTEVEM DA SILVA           R TIRADENTES, 1837 BL 02 AP 27          STA TEREZINHA  09781220SAO B DO CAMPO SP0000000000000000                                        000000000000                   
0330001300207P 010001001301476520130147652  0000000090621511  0000000000090621506201700000000002338800000 02N060620173000000000000000000000000000000000000000000000000000000000000000000000000000000000000000000000000009062000300000           
0330001300208Q 011000010705824845EDNA CRISTINA DE OLIVEIRA ELIAS         AV JOSE ODORIZZI, 2471 BL 9 AP23        PQ DOS PASSAROS09851007SAO B DO CAMPO SP0000000000000000                                        000000000000                   
0330001300209P 010001001301476520130147652  0000000091146511  0000000000091141506201700000000004689300000 02N060620173000000000000000000000000000000000000000000000000000000000000000000000000000000000000000000000000009114000300000           
0330001300210Q 011000007254933803ELIZETE CARVALHO DE ANDRADE             AL DOM PEDRO DE ALCANTARA, 584          N PETROPOLIS   09771281SAO B DO CAMPO SP0000000000000000                                        000000000000                   
0330001300211P 010001001301476520130147652  0000000091022511  0000000000091021506201700000000000567800000 02N060620173000000000000000000000000000000000000000000000000000000000000000000000000000000000000000000000000009102000300000           
0330001300212Q 011000026381725885CLEITON PODADERA BECHFLANI              R GONCALVES DIAS, 325                   JD PORTUGAL    09715160SAO B CAMPO    SP0000000000000000                                        000000000000                   
0330001300213P 010001001301476520130147652  0000000091431511  0000000000091431506201700000000001166600000 02N060620173000000000000000000000000000000000000000000000000000000000000000000000000000000000000000000000000009143000300000           
0330001300214Q 011000009990318808RAQUEL ZAMBIANCO DE MORAES              RUA IPE ,300,BL.26 APTO.12              JD ESTRELA     09340570MAUA           SP0000000000000000                                        000000000000                   
0330001300215P 010001001301476520130147652  0000000091103511  0000000000091101506201700000000001166400000 02N060620173000000000000000000000000000000000000000000000000000000000000000000000000000000000000000000000000009110000300000           
0330001300216Q 011000011407486888RICHARD CERCHIARI                       RUA ISABEL SPINA PERELLA, 246           GUARULHOS      07031040GUARULHOS      SP0000000000000000                                        000000000000                   
0330001300217P 010001001301476520130147652  0000000090352511  0000000000090351506201700000000000845800000 02N060620173000000000000000000000000000000000000000000000000000000000000000000000000000000000000000000000000009035000300000           
0330001300218Q 011000058779388272VINICIO BELO DE SOUZA JUNIOR            R DR CINCINATO BRAGA, 691 BL 01,AP51    PLANALTO       09690300S B DO CAMPO   SP0000000000000000                                        000000000000                   
0330001300219P 010001001301476520130147652  0000000090956511  0000000000090951506201700000000004529900000 02N060620173000000000000000000000000000000000000000000000000000000000000000000000000000000000000000000000000009095000300000           
0330001300220Q 011000073801208672DARCILIA MARIA TEIXEIRA                 RUA BARRETOS,203                        JARDIM ORATORIO09381130MAUA           SP0000000000000000                                        000000000000                   
0330001300221P 010001001301476520130147652  0000000091308511  0000000000091301506201700000000001691300000 02N060620173000000000000000000000000000000000000000000000000000000000000000000000000000000000000000000000000009130000300000           
0330001300222Q 011000014209208809RENALDO ZAMBONI DE SALLES               RUA PIRATININGA, 477 BL1 AP 173         BRAS           03042001SAO PAULO      SP0000000000000000                                        000000000000                   
0330001300223P 010001001301476520130147652  0000000090603511  0000000000090601506201700000000001166600000 02N060620173000000000000000000000000000000000000000000000000000000000000000000000000000000000000000000000000009060000300000           
0330001300224Q 011000007451298892ARLETE DA SILVA                         R BARTOLOMEU DE GUSMAO, 70 AP 94,BLA    V SAO FRANCISCO09310680MAUA           SP0000000000000000                                        000000000000                   
0330001300225P 010001001301476520130147652  0000000090281511  0000000000090281506201700000000000369900000 02N060620173000000000000000000000000000000000000000000000000000000000000000000000000000000000000000000000000009028000300000           
0330001300226Q 011000016691615875GLEICE CRISTINE LEOCADIO                R STA GREGORIA, 213                     CIDADE DUTRA   04806030SAO PAULO      SP0000000000000000                                        000000000000                   
0330001300227P 010001001301476520130147652  0000000090174511  0000000000090171506201700000000000369900000 02N060620173000000000000000000000000000000000000000000000000000000000000000000000000000000000000000000000000009017000300000           
0330001300228Q 011000019481186881ADRIANA ALVES GOMES                     RUA CAMPO SANTO, 180 AP 24 BL2          PQ DAS NACOES  00928195SANTO ANDRE    SP0000000000000000                                        000000000000                   
0330001300229P 010001001301476520130147652  0000000090158511  0000000000090151506201700000000000485400000 02N060620173000000000000000000000000000000000000000000000000000000000000000000000000000000000000000000000000009015000300000           
0330001300230Q 011000017321179850ELAINE CRISTINA DIAS MONTEIRO           R LUCAS DE CAMARGO, 105                 VL INDUSTRIAL  03257130SAO PAULO      SP0000000000000000                                        000000000000                   
0330001300231P 010001001301476520130147652  0000000090166511  0000000000090161506201700000000000485400000 02N060620173000000000000000000000000000000000000000000000000000000000000000000000000000000000000000000000000009016000300000           
0330001300232Q 011000024829902892APARECIDA SILVA                         R SILVIO BARBINI, 212 AP 33C            ITAQUERA       08250650SAO PAULO      SP0000000000000000                                        000000000000                   
0330001300233P 010001001301476520130147652  0000000090336511  0000000000090331506201700000000000368900000 02N060620173000000000000000000000000000000000000000000000000000000000000000000000000000000000000000000000000009033000300000           
0330001300234Q 011000027527671882ANDERSON AUGUSTO DOS SANTOS             HIMALAIA 459 APTO 03                    PQ NOV ORATORIO09270430STOP ANDRE     SP0000000000000000                                        000000000000                   
0330001300235P 010001001301476520130147652  0000000091375511  0000000000091371506201700000000001148300000 02N060620173000000000000000000000000000000000000000000000000000000000000000000000000000000000000000000000000009137000300000           
0330001300236Q 011000033355198846ALINE PENHA DOS SANTOS                  RUA CUBATAO, 77                         BAETA NEVES    09760440S B CAMPO      SP0000000000000000                                        000000000000                   
0330001300237P 010001001301476520130147652  0000000090697511  0000000000090691506201700000000006153400000 02N060620173000000000000000000000000000000000000000000000000000000000000000000000000000000000000000000000000009069000300000           
0330001300238Q 011000068397836853SILVIA LUCAS P DE SOUZA                 RUA CAMPOS SALLES, 219                  VL STA TEREZINA09770190SAO B CAMPO    SP0000000000000000                                        000000000000                   
0330001300239P 010001001301476520130147652  0000000091227511  0000000000091221506201700000000003982200000 02N060620173000000000000000000000000000000000000000000000000000000000000000000000000000000000000000000000000009122000300000           
0330001300240Q 011000053708369815PERCIVAL BATISTA DE HOLANDA             R BAROEL, 83 AP 11                      CENTRO         08675000SUZANO         SP0000000000000000                                        000000000000                   
0330001300241P 010001001301476520130147652  0000000090514511  0000000000090511506201700000000008349600000 02N060620173000000000000000000000000000000000000000000000000000000000000000000000000000000000000000000000000009051000300000           
0330001300242Q 011000000380692880ANALICE MARIA T DE OLIVEIRA             R TANGER 319                            PQ N ORATORIO  09251140STO ANDRE      SP0000000000000000                                        000000000000                   
0330001300243P 010001001301476520130147652  0000000090778511  0000000000090771506201700000000001044100000 02N060620173000000000000000000000000000000000000000000000000000000000000000000000000000000000000000000000000009077000300000           
0330001300244Q 011000014683305860WANDERLEY FRANCISCO DA SILVA            R JOAQUIM ESPINOSA, 221 CASA 06         J SAO LUIZ     05812070SAO PAULO      SP0000000000000000                                        000000000000                   
0330001300245P 010001001301476520130147652  0000000090891511  0000000000090891506201700000000001769800000 02N060620173000000000000000000000000000000000000000000000000000000000000000000000000000000000000000000000000009089000300000           
0330001300246Q 011000007639006805SILVANA APARECIDA DE SOUZA              RUA JOAO MARIANO FRANCO,226             ALTO DA BOA VIS08715650MOGI DAS CRUZESSP0000000000000000                                        000000000000                   
0330001300247P 010001001301476520130147652  0000000091073511  0000000000091071506201700000000001050800000 02N060620173000000000000000000000000000000000000000000000000000000000000000000000000000000000000000000000000009107000300000           
0330001300248Q 011000001430943866MARISALVA BRITO N NASCIMENTO            R CAPIVARI, 465 CS 02                   PQ LUIZA       06816160EMBU DAS ARTES SP0000000000000000                                        000000000000                   
0330001300249P 010001001301476520130147652  0000000090476511  0000000000090471506201700000000002218600000 02N060620173000000000000000000000000000000000000000000000000000000000000000000000000000000000000000000000000009047000300000           
0330001300250Q 011000000851347835ELISABETE FERREIRA GARCIA               RUA TUPI, 160 AP 23                     CERAMICA       09530530SAO CAETANO DOLSP0000000000000000                                        000000000000                   
0330001300251P 010001001301476520130147652  0000000090719511  0000000000090711506201700000000001173000000 02N060620173000000000000000000000000000000000000000000000000000000000000000000000000000000000000000000000000009071000300000           
0330001300252Q 011000001457584867WAGNER PADUAN                           AV BENJAMIN HARRIS HUNNI,BLOCO 9 - AP42 VL RIO DE JANEI07124000GUARULHOS      SP0000000000000000                                        000000000000                   
0330001300253P 010001001301476520130147652  0000000090387511  0000000000090381506201700000000001050800000 02N060620173000000000000000000000000000000000000000000000000000000000000000000000000000000000000000000000000009038000300000           
0330001300254Q 011000099753405804ZULEIDE FERREIRA DOS SANTOS             RUA ANA MARIA TV.SAO JUDAS, 11          VL MARIANA     09780630SAO B DO CAMPO SP0000000000000000                                        000000000000                   
0330001300255P 010001001301476520130147652  0000000091421511  0000000000091421506201700000000001173000000 02N060620173000000000000000000000000000000000000000000000000000000000000000000000000000000000000000000000000009142000300000           
0330001300256Q 011000008263016819MARINA RIBEIRO AVELINO                  E ESTEVAO JORDAN, 254 AP 931            JD MONICA      05861300SAO PAULO      SP0000000000000000                                        000000000000                   
0330001300257P 010001001301476520130147652  0000000091201511  0000000000091201506201700000000002737000000 02N060620173000000000000000000000000000000000000000000000000000000000000000000000000000000000000000000000000009120000300000           
0330001300258Q 011000005320093802RENATO MATEUS DOS SANTOS                RUA ITALIA 68                           JD ORIENTAL    06033060SAO PAULO      SP0000000000000000                                        000000000000                   
0330001300259P 010001001301476520130147652  0000000090727511  0000000000090721506201700000000002386300000 02N060620173000000000000000000000000000000000000000000000000000000000000000000000000000000000000000000000000009072000300000           
0330001300260Q 011000012898603864MARCIO MELHADOS                         R WOLSTEIN, 116 A                       VL GRANADA     03623010SAO PAULO      SP0000000000000000                                        000000000000                   
0330001300261P 010001001301476520130147652  0000000091341511  0000000000091341506201700000000002737000000 02N060620173000000000000000000000000000000000000000000000000000000000000000000000000000000000000000000000000009134000300000           
0330001300262Q 011000006788635803JANE RODRIGUES RIBEIRO                  R VITORIO TAFARELLO, 54                 VL QUINTAUNA   06192150OSASCO         SP0000000000000000                                        000000000000                   
0330001300263P 010001001301476520130147652  0000000091111511  0000000000091111506201700000000001173000000 02N060620173000000000000000000000000000000000000000000000000000000000000000000000000000000000000000000000000009111000300000           
0330001300264Q 011000011445735806JOAQUIM JOSE R JUNIOR                   R JOSEPHINA LIUZZI DE MOR,BLOCO A - 310 J MARIA ROSA   06763140TABOAO DA SERRASP0000000000000000                                        000000000000                   
0330001300265P 010001001301476520130147652  0000000091138511  0000000000091131506201700000000001050800000 02N060620173000000000000000000000000000000000000000000000000000000000000000000000000000000000000000000000000009113000300000           
0330001300266Q 011000089928172820ANA IRES SANTOS SILVA                   PASSAGEM BRENO CALDAS, 27               VL CAMPO GRANDE04447025SAO PAULO      SP0000000000000000                                        000000000000                   
0330001300267P 010001001301476520130147652  0000000090484511  0000000000090481506201700000000000509200000 02N060620173000000000000000000000000000000000000000000000000000000000000000000000000000000000000000000000000009048000300000           
0330001300268Q 011000002214941894CELSO HYMALAIA DA CONCEICAO             RUAS DOS COQUEIROS, 665 AP 16           CAMPESTRE      09080010STO ANDRE      SP0000000000000000                                        000000000000                   
03300015         000270                                                                                                                                                                                                                         
03399999         000001000272                                                                                                                                                                                                                   