03300000        2049938327000106000100001201344                         UBRASP - UNIAO BRASILEIRA     Banco Santander                         108082017      000111040                                                                          
03300011R01  030 2049938327000106                    000100001201344     UBRASP - UNIAO BRASILEIRA                                                                                     0000000108082017                                         
0330001300001P 010001001301476520130147652  0000000097561511  0000000000097561508201700000000015042500000 02N080820173000000000000000000000000000000000000000000000000000000000000000000000000000000000000000000000000009756000300000           
0330001300002Q 011000009470824849MARIA IGNES GARRATA MENEZES             RUA ESTADO DE ISRAEL, 435 AP 133        VL CLEMENTINO  04022900SAO PAULO      SP0000000000000000                                        000000000000                   
0330001300003P 010001001301476520130147652  0000000097543511  0000000000097541508201700000000007416100000 02N080820173000000000000000000000000000000000000000000000000000000000000000000000000000000000000000000000000009754000300000           
0330001300004Q 011000011493008846BLANCA ELEONORA DE C C ANDRADE          RUA DOM LUIS DE BRAGANCA,181,APTO51     MIRANDOPOLIS   04050060SAO PAULO      SP0000000000000000                                        000000000000                   
0330001300005P 010001001301476520130147652  0000000097551511  0000000000097551508201700000000007709700000 02N080820173000000000000000000000000000000000000000000000000000000000000000000000000000000000000000000000000009755000300000           
0330001300006Q 011000005752012821DALVA DE OLIVEIRA PEIXOTO               R BARTOLOMEU DE TOLARES, 56 AP 12       VL MAZZEI      02310020SAO PAULO      SP0000000000000000                                        000000000000                   
03300015         000008                                                                                                                                                                                                                         
03399999         000001000010                                                                                                                                                                                                                   