03300000        2049938327000106000100001201344                         UBRASP - UNIAO BRASILEIRA     Banco Santander                         107032017      000074040                                                                          
03300011R01  030 2049938327000106                    000100001201344     UBRASP - UNIAO BRASILEIRA                                                                                     0000000107032017                                         
0330001300001P 010001001301476520130147652  0000000051829511  0000000000051821503201700000000001054700000 02N070320173000000000000000000000000000000000000000000000000000000000000000000000000000000000000000000000000005182000300000           
0330001300002Q 011000010022645888SILVANA SANTOS DA ROCHA                 RUA BERGAL, 87                          SAO JOAO CLIMAC04240090SAO PAULO      SP0000000000000000                                        000000000000                   
0330001300003P 010001001301476520130147652  0000000051667511  0000000000051661503201700000000014588400000 02N070320173000000000000000000000000000000000000000000000000000000000000000000000000000000000000000000000000005166000300000           
0330001300004Q 011000065266668849MARIA TEREZA CANDIDO                    RUA MANGUARI, 329 BL B AP 31            VL MARIA       02167080SAO PAULO      SP0000000000000000                                        000000000000                   
0330001300005P 010001001301476520130147652  0000000051861511  0000000000051861503201700000000000515400000 02N070320173000000000000000000000000000000000000000000000000000000000000000000000000000000000000000000000000005186000300000           
0330001300006Q 011000005333681899TANIA CRISTINA BAPTISTA                 RUA 18 DE OUTUBRO, 279                  JD MARIA ESTELA04180030SAO PAULO      SP0000000000000000                                        000000000000                   
0330001300007P 010001001301476520130147652  0000000052159511  0000000000052151503201700000000003983400000 02N070320173000000000000000000000000000000000000000000000000000000000000000000000000000000000000000000000000005215000300000           
0330001300008Q 011000053507576872TANIA APARECIDA CHAGAS SOARES           R GALEAZZO ALESSI, 70 AP 162            V MONTE ALEGRE 04305050SAO PAULO      SP0000000000000000                                        000000000000                   
0330001300009P 010001001301476520130147652  0000000051594511  0000000000051591503201700000000000606400000 02N070320173000000000000000000000000000000000000000000000000000000000000000000000000000000000000000000000000005159000300000           
0330001300010Q 011000003088728865CICERO VALTER HOLANDA                   R SEURREBES , 140 A                     VL OLINDA      03380150SAO PAULO      SP0000000000000000                                        000000000000                   
0330001300011P 010001001301476520130147652  0000000052019511  0000000000052011503201700000000002662900000 02N070320173000000000000000000000000000000000000000000000000000000000000000000000000000000000000000000000000005201000300000           
0330001300012Q 011000088788733653MARINIUZA ALVES DE ALMEIDA              R RUI DE MORAIS APOCALIPSE,312,BLOCO 20 JD DO TIRO     02842260SAO PAULO      SP0000000000000000                                        000000000000                   
0330001300013P 010001001301476520130147652  0000000052132511  0000000000052131503201700000000002813600000 02N070320173000000000000000000000000000000000000000000000000000000000000000000000000000000000000000000000000005213000300000           
0330001300014Q 011000007573271840IARA APARECIDA DE ARRUDA                R HELENA AP SECOL, 280 B 03 AP 144      JD PALERMO     09780595S B CAMPO      SP0000000000000000                                        000000000000                   
0330001300015P 010001001301476520130147652  0000000052311511  0000000000052311503201700000000001845000000 02N070320173000000000000000000000000000000000000000000000000000000000000000000000000000000000000000000000000005231000300000           
0330001300016Q 011000006348492800MARCELO CINTRA ROLIM                    RUA CARLOS DO PINHAL, 345/2002          C CEZAR        01333001SAO PAULO      SP0000000000000000                                        000000000000                   
0330001300017P 010001001301476520130147652  0000000051551511  0000000000051551503201700000000002329100000 02N070320173000000000000000000000000000000000000000000000000000000000000000000000000000000000000000000000000005155000300000           
0330001300018Q 011000009470824849MARIA IGNES GARRATA MENEZES             RUA ESTADO DE ISRAEL, 435 AP 133        VL CLEMENTINO  04022900SAO PAULO      SP0000000000000000                                        000000000000                   
0330001300019P 010001001301476520130147652  0000000051713511  0000000000051711503201700000000002718900000 02N070320173000000000000000000000000000000000000000000000000000000000000000000000000000000000000000000000000005171000300000           
0330001300020Q 011000001022673831JOSE ANTONIO DE ARAUJO                  ESTRADA DO SABAO, 1403 AP 68 BL 2       JD MARISTELA   02806000SAO PAULO      SP0000000000000000                                        000000000000                   
0330001300021P 010001001301476520130147652  0000000052442511  0000000000052441503201700000000005363100000 02N070320173000000000000000000000000000000000000000000000000000000000000000000000000000000000000000000000000005244000300000           
0330001300022Q 011000014051162850LUIZ VANDERLEI DE LIMA                  RUA MARANHAO, 111 APTO 8                STO ANTONIO    09541000SAO C SUL      SP0000000000000000                                        000000000000                   
0330001300023P 010001001301476520130147652  0000000051926511  0000000000051921503201700000000006155300000 02N070320173000000000000000000000000000000000000000000000000000000000000000000000000000000000000000000000000005192000300000           
0330001300024Q 011000087157470853NEUSA MARIA DE O B FERNANDES            RUA AMAIBA,111                          PARADA INGLESA 02307140SAO PAULO      SP0000000000000000                                        000000000000                   
0330001300025P 010001001301476520130147652  0000000052353511  0000000000052351503201700000000001845000000 02N070320173000000000000000000000000000000000000000000000000000000000000000000000000000000000000000000000000005235000300000           
0330001300026Q 011000008695983846JOAO HENRIQUE  TENORIO JUNIOR           R DR ANGELO VITA,112 APTO 154           TATUAPE        03069000SAO PAULO      SP0000000000000000                                        000000000000                   
0330001300027P 010001001301476520130147652  0000000051586511  0000000000051581503201700000000016359600000 02N070320173000000000000000000000000000000000000000000000000000000000000000000000000000000000000000000000000005158000300000           
0330001300028Q 011000075783444804MARISA APARECIDA LOPES PINTER           R ANTONIETA LEITAO,357,APTO.133         FREGUESIA DO O 02925160SAO PAULO      SP0000000000000000                                        000000000000                   
0330001300029P 010001001301476520130147652  0000000051942511  0000000000051941503201700000000001461100000 02N070320173000000000000000000000000000000000000000000000000000000000000000000000000000000000000000000000000005194000300000           
0330001300030Q 011000000340639865ROSALINA FATIMA SILVA SILVEIRA          AV LAZAR SEGAL, 373                     IMIRIM         02543010SAO PAULO      SP0000000000000000                                        000000000000                   
0330001300031P 010001001301476520130147652  0000000051871511  0000000000051871503201700000000000694000000 02N070320173000000000000000000000000000000000000000000000000000000000000000000000000000000000000000000000000005187000300000           
0330001300032Q 011000020393191826EMERSON JOSE FERRADOSA DE SOUZA         R ARTHUR BERNARDES 247                  VL INVERNADA   03490000SAO PAULO      SP0000000000000000                                        000000000000                   
0330001300033P 010001001301476520130147652  0000000051683511  0000000000051681503201700000000001026000000 02N070320173000000000000000000000000000000000000000000000000000000000000000000000000000000000000000000000000005168000300000           
0330001300034Q 011000087491591868SONIA MARIA EDWIRGES                    AV NICOLAU JACINTO,685,BL 5 APTO.43     CIDADE A. E. CA03687010SAO PAULO      SP0000000000000000                                        000000000000                   
0330001300035P 010001001301476520130147652  0000000051799511  0000000000051791503201700000000000905600000 02N070320173000000000000000000000000000000000000000000000000000000000000000000000000000000000000000000000000005179000300000           
0330001300036Q 011000014039227808ALEXANDRA PEREIRA                       RUA BALACLAVA, 871                      J STO ALBERTO  09260440STO ANDRE      SP0000000000000000                                        000000000000                   
0330001300037P 010001001301476520130147652  0000000052205511  0000000000052201503201700000000000019200000 02N070320173000000000000000000000000000000000000000000000000000000000000000000000000000000000000000000000000005220000300000           
0330001300038Q 011000007250788809JOSIANE CAPUCHO SILVA                   RUA LATERAL, 374                        V NOVA IORQUE  03479000SAO PAULO      SP0000000000000000                                        000000000000                   
0330001300039P 010001001301476520130147652  0000000051748511  0000000000051741503201700000000009635000000 02N070320173000000000000000000000000000000000000000000000000000000000000000000000000000000000000000000000000005174000300000           
0330001300040Q 011000007612029863HERMOGENES FELIPE FILHO                 RUA PAULO LEOPES DE LEAO, 501           ITAQUERA       08210520SAO PAULO      SP0000000000000000                                        000000000000                   
0330001300041P 010001001301476520130147652  0000000052681511  0000000000052681503201700000000001766500000 02N070320173000000000000000000000000000000000000000000000000000000000000000000000000000000000000000000000000005268000300000           
0330001300042Q 011000001470170841SONIA DE OLIVEIRA B CALIXTER            RUA DAS SERINGUEIRAS, 373 AP 74         JABAQUARA      04321070SAO PAULO      SP0000000000000000                                        000000000000                   
0330001300043P 010001001301476520130147652  0000000052426511  0000000000052421503201700000000000821200000 02N070320173000000000000000000000000000000000000000000000000000000000000000000000000000000000000000000000000005242000300000           
0330001300044Q 011000018309688822MARISTELA HEREDIA                       R PADRE ANTONIO DE SOUZA LIMA, 170      VL EURO        09810170S B DO CAMPO   SP0000000000000000                                        000000000000                   
0330001300045P 010001001301476520130147652  0000000052191511  0000000000052191503201700000000001460600000 02N070320173000000000000000000000000000000000000000000000000000000000000000000000000000000000000000000000000005219000300000           
0330001300046Q 011000014013454840PATRICIA REGIANE DAS NEVES              AV MOINHO FABRINE, 1262                 VL COCA        09862000S B DO CAMPO   SP0000000000000000                                        000000000000                   
0330001300047P 010001001301476520130147652  0000000052086511  0000000000052081503201700000000005419300000 02N070320173000000000000000000000000000000000000000000000000000000000000000000000000000000000000000000000000005208000300000           
0330001300048Q 011000003630357881ELY MATOS                               R MARIA MARI,88                         JD MONTE ALEGRE06755390T  DA SERRA    SP0000000000000000                                        000000000000                   
0330001300049P 010001001301476520130147652  0000000051951511  0000000000051951503201700000000002360300000 02N070320173000000000000000000000000000000000000000000000000000000000000000000000000000000000000000000000000005195000300000           
0330001300050Q 011000097590223468JACI DE SOUZA E SILVA                   R IGNACIO MANOEL ALTAMIRANO,85          JD SABIA       04856555SAO PAULO      SP0000000000000000                                        000000000000                   
0330001300051P 010001001301476520130147652  0000000052701511  0000000000052701503201700000000001845000000 02N070320173000000000000000000000000000000000000000000000000000000000000000000000000000000000000000000000000005270000300000           
0330001300052Q 011000007271790802DENISE FERNANDES FACINA                 RUA ITU, 33 AP 33 BL B                  BAETA NEVES    09751040SAO B DO CAMPO SP0000000000000000                                        000000000000                   
0330001300053P 010001001301476520130147652  0000000052591511  0000000000052591503201700000000001045100000 02N070320173000000000000000000000000000000000000000000000000000000000000000000000000000000000000000000000000005259000300000           
0330001300054Q 011000018035780840SONIA APARECIDA DOS SANTOS              R PROGRESSO, 170                        VL AURORA      09780130S B DO CAMPO   SP0000000000000000                                        000000000000                   
0330001300055P 010001001301476520130147652  0000000051641511  0000000000051641503201700000000001223200000 02N070320173000000000000000000000000000000000000000000000000000000000000000000000000000000000000000000000000005164000300000           
0330001300056Q 011000005582018816DIRCE PEREIRA SALES                     R GINGADINHO, 44 PASSAGEM D             JD SA BENTO NOV05886410SAO PAULO      SP0000000000000000                                        000000000000                   
0330001300057P 010001001301476520130147652  0000000051561511  0000000000051561503201700000000002329100000 02N070320173000000000000000000000000000000000000000000000000000000000000000000000000000000000000000000000000005156000300000           
0330001300058Q 011000005589720800EMILIA EMIRENE NOGUEIRA                 RUA LEANDRO DUPRET, 662 AP 31           VL CLEMENTINO  04025013SAO PAULO      SP0000000000000000                                        000000000000                   
0330001300059P 010001001301476520130147652  0000000051578511  0000000000051571503201700000000003188200000 02N070320173000000000000000000000000000000000000000000000000000000000000000000000000000000000000000000000000005157000300000           
0330001300060Q 011000082858195820JOAQUIM DAS CHAGAS SOARES NETO          AV CEL JOSE PIRES DE ANDRADE 646,182    VL ELISIO      04295001SAO PAULO      SP0000000000000000                                        000000000000                   
0330001300061P 010001001301476520130147652  0000000051993511  0000000000051991503201700000000003781200000 02N070320173000000000000000000000000000000000000000000000000000000000000000000000000000000000000000000000000005199000300000           
0330001300062Q 011000003338176805GEREMIAS FILOMENO DE FARIAS             ESTR DAS CABREUVAL, 280                 CH STA MARIA   06856860ITAP DA SERRA  SP0000000000000000                                        000000000000                   
0330001300063P 010001001301476520130147652  0000000052001511  0000000000052001503201700000000002784500000 02N070320173000000000000000000000000000000000000000000000000000000000000000000000000000000000000000000000000005200000300000           
0330001300064Q 011000006470787835JOSE ALTAMIRO NUNES DA SILVA            AV MARIA HELENA, 32 CASA 04             JD DINARAH     06703100COTIA          SP0000000000000000                                        000000000000                   
0330001300065P 010001001301476520130147652  0000000051731511  0000000000051731503201700000000002329100000 02N070320173000000000000000000000000000000000000000000000000000000000000000000000000000000000000000000000000005173000300000           
0330001300066Q 011000084687231853CLEUSA DE MIRANDA CAOBIANCO             R TEIXEIRA DA SILVA, 363 AP 11          PARAISO        04002031SAO PAULO      SP0000000000000000                                        000000000000                   
0330001300067P 010001001301476520130147652  0000000052655511  0000000000052651503201700000000000959900000 02N070320173000000000000000000000000000000000000000000000000000000000000000000000000000000000000000000000000005265000300000           
0330001300068Q 011000012968456806EDNA MIRANDA BARRETO SANTOS             EST DOS GUATAMBUS, 52                   ITAPECERICA SER06857820SAO PAULO      SP0000000000000000                                        000000000000                   
0330001300069P 010001001301476520130147652  0000000051675511  0000000000051671503201700000000000128400000 02N070320173000000000000000000000000000000000000000000000000000000000000000000000000000000000000000000000000005167000300000           
0330001300070Q 011000006348363821BERNADETE L DE SOUSA PASCHUETTO         RUA RUI BARBOSA,361,APTO 142 BL.1       VILA BOA VISTA 09190370SANTO ANDRE    SP0000000000000000                                        000000000000                   
0330001300071P 010001001301476520130147652  0000000052604511  0000000000052601503201700000000001794300000 02N070320173000000000000000000000000000000000000000000000000000000000000000000000000000000000000000000000000005260000300000           
0330001300072Q 011000010081975805EMPEDOCLES DOMINGOS DA SILVA            AV GEOVANI GRONCHI, 6675 PQ BRASIL,AP17 VLA ANDRADE    05724902SAO PAULO      SP0000000000000000                                        000000000000                   
0330001300073P 010001001301476520130147652  0000000051811511  0000000000051811503201700000000009420300000 02N070320173000000000000000000000000000000000000000000000000000000000000000000000000000000000000000000000000005181000300000           
0330001300074Q 011000006388831800FLORALICE DO CARMO N SILVA              RUA MILANO  (LOTEAMENTO VILLA DESTE,760 JARDIM RIO DAS 06703794COTIA          SP0000000000000000                                        000000000000                   
0330001300075P 010001001301476520130147652  0000000051781511  0000000000051781503201700000000002285000000 02N070320173000000000000000000000000000000000000000000000000000000000000000000000000000000000000000000000000005178000300000           
0330001300076Q 011000013997663840JANIRA CARNEIRO DA SILVA                RUA VICTORIO NATAL GASTAURO, 116        JD PALERMA     09780425SAO B DO CAMPO SP0000000000000000                                        000000000000                   
0330001300077P 010001001301476520130147652  0000000051616511  0000000000051611503201700000000002329100000 02N070320173000000000000000000000000000000000000000000000000000000000000000000000000000000000000000000000000005161000300000           
0330001300078Q 011000056186010872MARIA CECILIA ROCHA SOLERA              R PAULISTANIA, 413 AP 04                SUMAREZINHO    05440000SAO PAULO      SP0000000000000000                                        000000000000                   
0330001300079P 010001001301476520130147652  0000000051845511  0000000000051841503201700000000002963500000 02N070320173000000000000000000000000000000000000000000000000000000000000000000000000000000000000000000000000005184000300000           
0330001300080Q 011000007998259809CARLOS ALBERTO DE CAMPOS                R FERNANDO COSTA 322                    PQ GERASSI     09120305SANTO ANDRE    SP0000000000000000                                        000000000000                   
0330001300081P 010001001301476520130147652  0000000052647511  0000000000052641503201700000000001090900000 02N070320173000000000000000000000000000000000000000000000000000000000000000000000000000000000000000000000000005264000300000           
0330001300082Q 011000000383259851ELISABETE MARTINES LOPES                RUA DAS ORQUIDEAS, 239 BL 02 AP 21      VL MARCHI      09810390S B CAMPO      SP0000000000000000                                        000000000000                   
0330001300083P 010001001301476520130147652  0000000051918511  0000000000051911503201700000000001167800000 02N070320173000000000000000000000000000000000000000000000000000000000000000000000000000000000000000000000000005191000300000           
0330001300084Q 011000005530538843REGINA CELIA DA SILVA CARVALHO          EST DOUGLAS W GOMES DE ARAUJO, 35       JD BOM SUCESSO 06335140CARAPICUIBA    SP0000000000000000                                        000000000000                   
0330001300085P 010001001301476520130147652  0000000052531511  0000000000052531503201700000000000821200000 02N070320173000000000000000000000000000000000000000000000000000000000000000000000000000000000000000000000000005253000300000           
0330001300086Q 011000004410407805EDILEUZA IZABEL ZANETTI SOUSA           RUA DAS ANTAS, 10 AP 52 BL 01           SITIO ORATORIO 03978470SAO PAULO      SP0000000000000000                                        000000000000                   
0330001300087P 010001001301476520130147652  0000000052337511  0000000000052331503201700000000001845000000 02N070320173000000000000000000000000000000000000000000000000000000000000000000000000000000000000000000000000005233000300000           
0330001300088Q 011000004889769870UBALDO REGIS PEROSSI CARRADO            R RELOGIO DO SOL, 147                   LAPA           05065080SAO PAULO      SP0000000000000000                                        000000000000                   
0330001300089P 010001001301476520130147652  0000000051764511  0000000000051761503201700000000001167800000 02N070320173000000000000000000000000000000000000000000000000000000000000000000000000000000000000000000000000005176000300000           
0330001300090Q 011000008009875864ELZA FELIX DOS SANTOS                   RUA GREGORIO DE MATOS GUERRA, 76        BAIRRO CASAS   09850040SAO B DO CAMPO SP0000000000000000                                        000000000000                   
0330001300091P 010001001301476520130147652  0000000052043511  0000000000052041503201700000000000588200000 02N070320173000000000000000000000000000000000000000000000000000000000000000000000000000000000000000000000000005204000300000           
0330001300092Q 011000025999769876CLAUDIA VIEIRA MOTA                     R TELEMENEZES 117                       JD SILVINIA    09791160SAO B DO CAMPO SP0000000000000000                                        000000000000                   
0330001300093P 010001001301476520130147652  0000000052345511  0000000000052341503201700000000001045200000 02N070320173000000000000000000000000000000000000000000000000000000000000000000000000000000000000000000000000005234000300000           
0330001300094Q 011000014067824831JOSE CARLOS ALVES DA SILVA              ESTRADA SAO FRANCISC,1668,APTO.96 BL. 02JD ENRIQUETA   06764290TABOAO DA SERRASP0000000000000000                                        000000000000                   
0330001300095P 010001001301476520130147652  0000000052671511  0000000000052671503201700000000003115800000 02N070320173000000000000000000000000000000000000000000000000000000000000000000000000000000000000000000000000005267000300000           
0330001300096Q 011000005773898829MARIA APARECIDA MAZAIA                  TRAV ITAPOLIS, 16                       V F MATARAZZO  09240550STO ANDRE      SP0000000000000000                                        000000000000                   
0330001300097P 010001001301476520130147652  0000000052388511  0000000000052381503201700000000001167800000 02N070320173000000000000000000000000000000000000000000000000000000000000000000000000000000000000000000000000005238000300000           
0330001300098Q 011000009256803895VERA ALICE DE LIMA                      RUA GIUSEPPE ULIANI, S/N CASA 206       JD QUATRO MARIA09820160SAO B DO CAMPO SP0000000000000000                                        000000000000                   
0330001300099P 010001001301476520130147652  0000000052523511  0000000000052521503201700000000003036300000 02N070320173000000000000000000000000000000000000000000000000000000000000000000000000000000000000000000000000005252000300000           
0330001300100Q 011000008647742818FATIMA A F GIANCATERINO                 R BRASILIO MACHADO, 173 AP62 6ANDAR     CENTRO         09715140SAO B DO CAMPO SP0000000000000000                                        000000000000                   
0330001300101P 010001001301476520130147652  0000000051705511  0000000000051701503201700000000001845000000 02N070320173000000000000000000000000000000000000000000000000000000000000000000000000000000000000000000000000005170000300000           
0330001300102Q 011000005539961854MARIA APARECIDA MALTA                   R ACUCENA, 1017                         JD DAS FLORES  06110160OSASCO         SP0000000000000000                                        000000000000                   
0330001300103P 010001001301476520130147652  0000000052061511  0000000000052061503201700000000003983400000 02N070320173000000000000000000000000000000000000000000000000000000000000000000000000000000000000000000000000005206000300000           
0330001300104Q 011000082913692834JOSE RUBENS QUADRADO                    AV BRIG MANOEL R JORDAO, 347            JD SILVEIRA    06433010BARUERI        SP0000000000000000                                        000000000000                   
0330001300105P 010001001301476520130147652  0000000052361511  0000000000052361503201700000000002169600000 02N070320173000000000000000000000000000000000000000000000000000000000000000000000000000000000000000000000000005236000300000           
0330001300106Q 011000016102175867ANA PAULA BARBOSA SOUZA                 AV DR ALBERTO JACKSON BRI,BLOCO 04 - 24 VL MENK        06273050OSASCO         SP0000000000000000                                        000000000000                   
0330001300107P 010001001301476520130147652  0000000051802511  0000000000051801503201700000000004292800000 02N070320173000000000000000000000000000000000000000000000000000000000000000000000000000000000000000000000000005180000300000           
0330001300108Q 011000001121330886MARIA LUCIA DE FATIMA                   R DR.IGNACIO PROENCA DE GOUVEIA,911     CASA VERDE     02534010SAO PAULO      SP0000000000000000                                        000000000000                   
0330001300109P 010001001301476520130147652  0000000052515511  0000000000052511503201700000000001176400000 02N070320173000000000000000000000000000000000000000000000000000000000000000000000000000000000000000000000000005251000300000           
0330001300110Q 011000021442382864ADRIANA CRISTINA BOLDRIN                R PAPA PAULO VI, 200 AP 43 ED SANTO     JD IRAJA       09781250SAO B DO CAMPO SP0000000000000000                                        000000000000                   
0330001300111P 010001001301476520130147652  0000000052051511  0000000000052051503201700000000001615000000 02N070320173000000000000000000000000000000000000000000000000000000000000000000000000000000000000000000000000005205000300000           
0330001300112Q 011000009737924851VERA LOPES DA SILVA                     RUA EMILIO RIBAS,210                    VILA APIAI     09185380SANTO ANDRE    SP0000000000000000                                        000000000000                   
0330001300113P 010001001301476520130147652  0000000052175511  0000000000052171503201700000000003671000000 02N070320173000000000000000000000000000000000000000000000000000000000000000000000000000000000000000000000000005217000300000           
0330001300114Q 011000025790828833MARIA DE FATIMA A P MENDRIGO            AV JOSE ESTEVAS DE MAGALHA,BLOCO 51 - B JABAQUARA      04332050SAO PAULO      SP0000000000000000                                        000000000000                   
0330001300115P 010001001301476520130147652  0000000052469511  0000000000052461503201700000000003024700000 02N070320173000000000000000000000000000000000000000000000000000000000000000000000000000000000000000000000000005246000300000           
0330001300116Q 011000019241729848ELAINE MIRANDA ZEFERINO                 RUA PATRICIA GALVAO, 20                 POR DO SOL     09951496DIADEMA        SP0000000000000000                                        000000000000                   
0330001300117P 010001001301476520130147652  0000000052108511  0000000000052101503201700000000000798300000 02N070320173000000000000000000000000000000000000000000000000000000000000000000000000000000000000000000000000005210000300000           
0330001300118Q 011000011238251811VERA APARECIDA DAMACENO                 R MARIA JOANA ROSA , 96                 JD DE ABRIL    06040040OSASCO         SP0000000000000000                                        000000000000                   
0330001300119P 010001001301476520130147652  0000000052027511  0000000000052021503201700000000001815400000 02N070320173000000000000000000000000000000000000000000000000000000000000000000000000000000000000000000000000005202000300000           
0330001300120Q 011000008368028884CLAUDIO DOMINGUES                       ESTRADA DE ITAPECERICA,1528,APTO 64 BL 1VILA PREL      05835004SAO PAULO      SP0000000000000000                                        000000000000                   
0330001300121P 010001001301476520130147652  0000000052213511  0000000000052211503201700000000001196700000 02N070320173000000000000000000000000000000000000000000000000000000000000000000000000000000000000000000000000005221000300000           
0330001300122Q 011000011963826892NADIR CRISTINA DA SILVA                 R DIOGO BOTELHO, 80                     JD ALBA CASA GR09963060DIADEMA        SP0000000000000000                                        000000000000                   
0330001300123P 010001001301476520130147652  0000000052396511  0000000000052391503201700000000001615000000 02N070320173000000000000000000000000000000000000000000000000000000000000000000000000000000000000000000000000005239000300000           
0330001300124Q 011000008209168894MARIA DE FATIMA DOS SANTOS              R NICOLAU SINGER, 27                    DEMARCHE       09820310S B CAMPO      SP0000000000000000                                        000000000000                   
0330001300125P 010001001301476520130147652  0000000052264511  0000000000052261503201700000000001045300000 02N070320173000000000000000000000000000000000000000000000000000000000000000000000000000000000000000000000000005226000300000           
0330001300126Q 011000006554238859LILIANE CRISTINE ROSA                   R JOSE PALOMINO, 53                     VILA SILVIA    03280020SAO PAULO      SP0000000000000000                                        000000000000                   
0330001300127P 010001001301476520130147652  0000000051772511  0000000000051771503201700000000002216000000 02N070320173000000000000000000000000000000000000000000000000000000000000000000000000000000000000000000000000005177000300000           
0330001300128Q 011000029020905872ELIZABETH MYRIAM TEIXEIRA DA COSTA      R APARECIDA TEODORO DE CARVALHO,20      JACANA         02273020SAO PAULO      SP0000000000000000                                        000000000000                   
0330001300129P 010001001301476520130147652  0000000052434511  0000000000052431503201700000000001745500000 02N070320173000000000000000000000000000000000000000000000000000000000000000000000000000000000000000000000000005243000300000           
0330001300130Q 011000005814188839SERGIO PINTO DE BARROS                  RUA BARIRI, 423 AP 07                   PQ PARAISO     06850430ITA SERRA      SP0000000000000000                                        000000000000                   
0330001300131P 010001001301476520130147652  0000000051543511  0000000000051541503201700000000002329100000 02N070320173000000000000000000000000000000000000000000000000000000000000000000000000000000000000000000000000005154000300000           
0330001300132Q 011000022266895834LEOPOLDINA DE ALMEIDA COUTO             R PRESIDENTE DUTRA, 36 AP 27            VL EUCLIDES    09725530SAO B DO CAMPO SP0000000000000000                                        000000000000                   
0330001300133P 010001001301476520130147652  0000000051632511  0000000000051631503201700000000001167800000 02N070320173000000000000000000000000000000000000000000000000000000000000000000000000000000000000000000000000005163000300000           
0330001300134Q 011000006104664881SUELI MARIA DA SILVA SA                 RUA CRISTIANO ANGELI,1596               ASSUNCAO       09812601SAO BERNARDO DOSP0000000000000000                                        000000000000                   
0330001300135P 010001001301476520130147652  0000000052183511  0000000000052181503201700000000001167800000 02N070320173000000000000000000000000000000000000000000000000000000000000000000000000000000000000000000000000005218000300000           
0330001300136Q 011000026655583861MARIA HELENA FERREIRA COSTA             R EDUARDO LOBO, 194                     PQ IMPERIAL    04302090SAO PAULO      SP0000000000000000                                        000000000000                   
0330001300137P 010001001301476520130147652  0000000052221511  0000000000052221503201700000000000694000000 02N070320173000000000000000000000000000000000000000000000000000000000000000000000000000000000000000000000000005222000300000           
0330001300138Q 011000026039111801REGIS ELOY LOPES DE OLIVEIRA            R PAPA PAULO VI, 200 AP 43              JD IRAJA       09781250SAO B DO CAMPO SP0000000000000000                                        000000000000                   
0330001300139P 010001001301476520130147652  0000000051888511  0000000000051881503201700000000001223200000 02N070320173000000000000000000000000000000000000000000000000000000000000000000000000000000000000000000000000005188000300000           
0330001300140Q 011000001154017842ZILDA MARIA DA ROCHA DE MOURA           R PROF TOMAZ DE AQUINO, 403             IPIRANGA       04118010SAO PAULO      SP0000000000000000                                        000000000000                   
0330001300141P 010001001301476520130147652  0000000052141511  0000000000052141503201700000000001522100000 02N070320173000000000000000000000000000000000000000000000000000000000000000000000000000000000000000000000000005214000300000           
0330001300142Q 011000025134977836GLORIA ALVES DE SOUZA                   R ROLANDO GAMBINI, 56                   ASSUNCAO       09811130SAO B DO CAMPO SP0000000000000000                                        000000000000                   
0330001300143P 010001001301476520130147652  0000000052256511  0000000000052251503201700000000001845000000 02N070320173000000000000000000000000000000000000000000000000000000000000000000000000000000000000000000000000005225000300000           
0330001300144Q 011000004916195884LUCIA HELENA MARTINEZ                   R FREDERICO VON MARTIUS, 255 AP 91      V MONUMENTO    01548010SAO PAULO      SP0000000000000000                                        000000000000                   
0330001300145P 010001001301476520130147652  0000000051853511  0000000000051851503201700000000001045300000 02N070320173000000000000000000000000000000000000000000000000000000000000000000000000000000000000000000000000005185000300000           
0330001300146Q 011000012522543857MARIA NOELY DE ALMEIDA SALES            R POTI, 10                              JD CRISPIM     06866180ITAP SERRA     SP0000000000000000                                        000000000000                   
0330001300147P 010001001301476520130147652  0000000052281511  0000000000052281503201700000000001398700000 02N070320173000000000000000000000000000000000000000000000000000000000000000000000000000000000000000000000000005228000300000           
0330001300148Q 011000025080704837ERICA MARSON MACHADO                    R TIRADENTES, 1933 AP 22 BL 8           STA TEREZINHA  09781220SAO B DO CAMPO SP0000000000000000                                        000000000000                   
0330001300149P 010001001301476520130147652  0000000051896511  0000000000051891503201700000000001522000000 02N070320173000000000000000000000000000000000000000000000000000000000000000000000000000000000000000000000000005189000300000           
0330001300150Q 011000025081040860FLAVIA MARTINS                          R FRANCISCO VISENTAINER,549 AP2121      ASSUNCAO       09861630SAO B DO CAMPO SP0000000000000000                                        000000000000                   
0330001300151P 010001001301476520130147652  0000000051756511  0000000000051751503201700000000001113900000 02N070320173000000000000000000000000000000000000000000000000000000000000000000000000000000000000000000000000005175000300000           
0330001300152Q 011000002890927873ROSELI RODRIGUES ALBARELLA              RUA DAS PAPOULAS,109                    DEMARCHI       09820510SAO B DO CAMPO SP0000000000000000                                        000000000000                   
0330001300153P 010001001301476520130147652  0000000052639511  0000000000052631503201700000000002850500000 02N070320173000000000000000000000000000000000000000000000000000000000000000000000000000000000000000000000000005263000300000           
0330001300154Q 011000005354701856ADENAIDE MARINHEIRO DE LIMA             RUA LAGOINHA DE LESTE,222               JD CECI        02872060SAO PAULO      SP0000000000000000                                        000000000000                   
0330001300155P 010001001301476520130147652  0000000052451511  0000000000052451503201700000000005424900000 02N070320173000000000000000000000000000000000000000000000000000000000000000000000000000000000000000000000000005245000300000           
0330001300156Q 011000014422490800MARCOS ANTONIO TORRES                   R COLONIA LEOPOLDINA, 193 AP 14         ERM.MATARAZO   03821020SAO PAULO      SP0000000000000000                                        000000000000                   
0330001300157P 010001001301476520130147652  0000000052401511  0000000000052401503201700000000000694000000 02N070320173000000000000000000000000000000000000000000000000000000000000000000000000000000000000000000000000005240000300000           
0330001300158Q 011000021476970874PATRICIA DA CONCEICAO DE MELO           R GOIAS, 104                            PQ DAS FONTES  09430480RIBEIRAO PIRES SP0000000000000000                                        000000000000                   
0330001300159P 010001001301476520130147652  0000000052493511  0000000000052491503201700000000001071700000 02N070320173000000000000000000000000000000000000000000000000000000000000000000000000000000000000000000000000005249000300000           
0330001300160Q 011000014041925819MARIA DA GLORIA DE FREITAS SOUSA        RUA JOSE HENRIQUE DE ALMEIDA,45         JARDIM SILVIA  09340580MAUA           SP0000000000000000                                        000000000000                   
0330001300161P 010001001301476520130147652  0000000052507511  0000000000052501503201700000000001045200000 02N070320173000000000000000000000000000000000000000000000000000000000000000000000000000000000000000000000000005250000300000           
0330001300162Q 011000012820191800MARCIO A VIAN MOURAO                    R DR PAULO RIBEIRO COELHO, 172          RIO PEQUENO    05374000SAO PAULO      SP0000000000000000                                        000000000000                   
0330001300163P 010001001301476520130147652  0000000052094511  0000000000052091503201700000000002819700000 02N070320173000000000000000000000000000000000000000000000000000000000000000000000000000000000000000000000000005209000300000           
0330001300164Q 011000007338804877CLAUDIO DOS SANTOS SILVA                FRANCISCO SOLER, 427                    JD PIRITUBA    05143280SAO PAULO      SP0000000000000000                                        000000000000                   
0330001300165P 010001001301476520130147652  0000000052371511  0000000000052371503201700000000001045100000 02N070320173000000000000000000000000000000000000000000000000000000000000000000000000000000000000000000000000005237000300000           
0330001300166Q 011000063592487515MARYLAN RODRIGUES PEREIRA SANCHES       RUA PRINCESA LEOPOLDINA, 574            ALTO DA LAPA   05081090SAO PAULO      SP0000000000000000                                        000000000000                   
0330001300167P 010001001301476520130147652  0000000052558511  0000000000052551503201700000000001202900000 02N070320173000000000000000000000000000000000000000000000000000000000000000000000000000000000000000000000000005255000300000           
0330001300168Q 011000007374465874MARIA EDNA SANTOS                       RUA SIRIOS,355                          ANCHIETA       09606100SAO B DO CAMPO SP0000000000000000                                        000000000000                   
0330001300169P 010001001301476520130147652  0000000052477511  0000000000052471503201700000000003577700000 02N070320173000000000000000000000000000000000000000000000000000000000000000000000000000000000000000000000000005247000300000           
0330001300170Q 011000010158096851ELIANA MARIA LINS                       R ITAICI, 315 AP 123                    STA TEREZINHA  02460030SAO PAULO      SP0000000000000000                                        000000000000                   
0330001300171P 010001001301476520130147652  0000000051969511  0000000000051961503201700000000004114400000 02N070320173000000000000000000000000000000000000000000000000000000000000000000000000000000000000000000000000005196000300000           
0330001300172Q 011000007104506802RAIMUNDO ALVES DA SILVA                 RUA MANDACARU 102                       JD NOV ESPERANC07956020FRANC. MORATO  SP0000000000000000                                        000000000000                   
0330001300173P 010001001301476520130147652  0000000052231511  0000000000052231503201700000000000686200000 02N070320173000000000000000000000000000000000000000000000000000000000000000000000000000000000000000000000000005223000300000           
0330001300174Q 011000025532185832FABIO DE LUNA REIS                      R JOSE ELIAS DE ALMEIDA, 821            JD ROBRU       08150230SAO PAULO      SP0000000000000000                                        000000000000                   
0330001300175P 010001001301476520130147652  0000000052485511  0000000000052481503201700000000001765100000 02N070320173000000000000000000000000000000000000000000000000000000000000000000000000000000000000000000000000005248000300000           
0330001300176Q 011000008887711852MARIA RITA PAULINO DO NASCIMENTO        R NOSSA SRA DOS MESES, 867 AP12,BLOCO A VL DAS MESES   04165001SAO PAULO      SP0000000000000000                                        000000000000                   
0330001300177P 010001001301476520130147652  0000000052167511  0000000000052161503201700000000001613100000 02N070320173000000000000000000000000000000000000000000000000000000000000000000000000000000000000000000000000005216000300000           
0330001300178Q 011000014010864893MARIA INEZ CELLA                        AV PEDRO II, 3179                       CAMPESTRE      09080111STO ANDRE      SP0000000000000000                                        000000000000                   
0330001300179P 010001001301476520130147652  0000000052418511  0000000000052411503201700000000003846600000 02N070320173000000000000000000000000000000000000000000000000000000000000000000000000000000000000000000000000005241000300000           
0330001300180Q 011000005369111855JULIO VICENTE DE SOUZA                  R DR MARINHO DE ANDRADE, 158 FUNDOS     JD JAMAICA     05743170SAO PAULO      SP0000000000000000                                        000000000000                   
0330001300181P 010001001301476520130147652  0000000051985511  0000000000051981503201700000000002338800000 02N070320173000000000000000000000000000000000000000000000000000000000000000000000000000000000000000000000000005198000300000           
0330001300182Q 011000010705824845EDNA CRISTINA DE OLIVEIRA ELIAS         AV JOSE ODORIZZI, 2471 BL 9 AP23        PQ DOS PASSAROS09851007SAO B DO CAMPO SP0000000000000000                                        000000000000                   
0330001300183P 010001001301476520130147652  0000000052329511  0000000000052321503201700000000004689300000 02N070320173000000000000000000000000000000000000000000000000000000000000000000000000000000000000000000000000005232000300000           
0330001300184Q 011000007254933803ELIZETE CARVALHO DE ANDRADE             AL DOM PEDRO DE ALCANTARA, 584          N PETROPOLIS   09771281SAO B DO CAMPO SP0000000000000000                                        000000000000                   
0330001300185P 010001001301476520130147652  0000000052566511  0000000000052561503201700000000000567800000 02N070320173000000000000000000000000000000000000000000000000000000000000000000000000000000000000000000000000005256000300000           
0330001300186Q 011000026381725885CLEITON PODADERA BECHFLANI              R GONCALVES DIAS, 325                   JD PORTUGAL    09715160SAO B CAMPO    SP0000000000000000                                        000000000000                   
0330001300187P 010001001301476520130147652  0000000052035511  0000000000052031503201700000000001166600000 02N070320173000000000000000000000000000000000000000000000000000000000000000000000000000000000000000000000000005203000300000           
0330001300188Q 011000009990318808RAQUEL ZAMBIANCO DE MORAES              RUA IPE ,300,BL.26 APTO.12              JD ESTRELA     09340570MAUA           SP0000000000000000                                        000000000000                   
0330001300189P 010001001301476520130147652  0000000052698511  0000000000052691503201700000000001166400000 02N070320173000000000000000000000000000000000000000000000000000000000000000000000000000000000000000000000000005269000300000           
0330001300190Q 011000011407486888RICHARD CERCHIARI                       RUA ISABEL SPINA PERELLA, 246           GUARULHOS      07031040GUARULHOS      SP0000000000000000                                        000000000000                   
0330001300191P 010001001301476520130147652  0000000052248511  0000000000052241503201700000000004699600000 02N070320173000000000000000000000000000000000000000000000000000000000000000000000000000000000000000000000000005224000300000           
0330001300192Q 011000073801208672DARCILIA MARIA TEIXEIRA                 RUA BARRETOS,203                        JARDIM ORATORIO09381130MAUA           SP0000000000000000                                        000000000000                   
0330001300193P 010001001301476520130147652  0000000052116511  0000000000052111503201700000000001691300000 02N070320173000000000000000000000000000000000000000000000000000000000000000000000000000000000000000000000000005211000300000           
0330001300194Q 011000014209208809RENALDO ZAMBONI DE SALLES               RUA PIRATININGA, 477 BL1 AP 173         BRAS           03042001SAO PAULO      SP0000000000000000                                        000000000000                   
0330001300195P 010001001301476520130147652  0000000052078511  0000000000052071503201700000000001166600000 02N070320173000000000000000000000000000000000000000000000000000000000000000000000000000000000000000000000000005207000300000           
0330001300196Q 011000007451298892ARLETE DA SILVA                         R BARTOLOMEU DE GUSMAO, 70 AP 94,BLA    V SAO FRANCISCO09310680MAUA           SP0000000000000000                                        000000000000                   
0330001300197P 010001001301476520130147652  0000000051624511  0000000000051621503201700000000000911200000 02N070320173000000000000000000000000000000000000000000000000000000000000000000000000000000000000000000000000005162000300000           
0330001300198Q 011000094466262853TANIA REGINA E FERREIRA                 R BENEDITO SERAFIM BUENO, 68            ALVARENGA      09850780S B DO CAMPO   SP0000000000000000                                        000000000000                   
0330001300199P 010001001301476520130147652  0000000052299511  0000000000052291503201700000000001148300000 02N070320173000000000000000000000000000000000000000000000000000000000000000000000000000000000000000000000000005229000300000           
0330001300200Q 011000033355198846ALINE PENHA DOS SANTOS                  RUA CUBATAO, 77                         BAETA NEVES    09760440S B CAMPO      SP0000000000000000                                        000000000000                   
0330001300201P 010001001301476520130147652  0000000052663511  0000000000052661503201700000000006153400000 02N070320173000000000000000000000000000000000000000000000000000000000000000000000000000000000000000000000000005266000300000           
0330001300202Q 011000068397836853SILVIA LUCAS P DE SOUZA                 RUA CAMPOS SALLES, 219                  VL STA TEREZINA09770190SAO B CAMPO    SP0000000000000000                                        000000000000                   
0330001300203P 010001001301476520130147652  0000000052302511  0000000000052301503201700000000003982200000 02N070320173000000000000000000000000000000000000000000000000000000000000000000000000000000000000000000000000005230000300000           
0330001300204Q 011000053708369815PERCIVAL BATISTA DE HOLANDA             R BAROEL, 83 AP 11                      CENTRO         08675000SUZANO         SP0000000000000000                                        000000000000                   
0330001300205P 010001001301476520130147652  0000000051659511  0000000000051651503201700000000008349600000 02N070320173000000000000000000000000000000000000000000000000000000000000000000000000000000000000000000000000005165000300000           
0330001300206Q 011000000380692880ANALICE MARIA T DE OLIVEIRA             R TANGER 319                            PQ N ORATORIO  09251140STO ANDRE      SP0000000000000000                                        000000000000                   
0330001300207P 010001001301476520130147652  0000000051837511  0000000000051831503201700000000001044100000 02N070320173000000000000000000000000000000000000000000000000000000000000000000000000000000000000000000000000005183000300000           
0330001300208Q 011000014683305860WANDERLEY FRANCISCO DA SILVA            R JOAQUIM ESPINOSA, 221 CASA 06         J SAO LUIZ     05812070SAO PAULO      SP0000000000000000                                        000000000000                   
0330001300209P 010001001301476520130147652  0000000051901511  0000000000051901503201700000000001769800000 02N070320173000000000000000000000000000000000000000000000000000000000000000000000000000000000000000000000000005190000300000           
0330001300210Q 011000007639006805SILVANA APARECIDA DE SOUZA              RUA JOAO MARIANO FRANCO,226             ALTO DA BOA VIS08715650MOGI DAS CRUZESSP0000000000000000                                        000000000000                   
0330001300211P 010001001301476520130147652  0000000052574511  0000000000052571503201700000000001050800000 02N070320173000000000000000000000000000000000000000000000000000000000000000000000000000000000000000000000000005257000300000           
0330001300212Q 011000001430943866MARISALVA BRITO N NASCIMENTO            R CAPIVARI, 465 CS 02                   PQ LUIZA       06816160EMBU DAS ARTES SP0000000000000000                                        000000000000                   
0330001300213P 010001001301476520130147652  0000000051977511  0000000000051971503201700000000001173000000 02N070320173000000000000000000000000000000000000000000000000000000000000000000000000000000000000000000000000005197000300000           
0330001300214Q 011000035239174504MARIA DO CARMO DE CARVALHO              R LUIZ PINHEIRO, 61                     CI PIRITUBA    02944000SAO PAULO      SP0000000000000000                                        000000000000                   
0330001300215P 010001001301476520130147652  0000000051721511  0000000000051721503201700000000002218600000 02N070320173000000000000000000000000000000000000000000000000000000000000000000000000000000000000000000000000005172000300000           
0330001300216Q 011000000851347835ELISABETE FERREIRA GARCIA               RUA TUPI, 160 AP 23                     CERAMICA       09530530SAO CAETANO DOLSP0000000000000000                                        000000000000                   
0330001300217P 010001001301476520130147652  0000000052541511  0000000000052541503201700000000001173000000 02N070320173000000000000000000000000000000000000000000000000000000000000000000000000000000000000000000000000005254000300000           
0330001300218Q 011000001457584867WAGNER PADUAN                           AV BENJAMIN HARRIS HUNNI,BLOCO 9 - AP42 VL RIO DE JANEI07124000GUARULHOS      SP0000000000000000                                        000000000000                   
0330001300219P 010001001301476520130147652  0000000051608511  0000000000051601503201700000000001050800000 02N070320173000000000000000000000000000000000000000000000000000000000000000000000000000000000000000000000000005160000300000           
0330001300220Q 011000099753405804ZULEIDE FERREIRA DOS SANTOS             RUA ANA MARIA TV.SAO JUDAS, 11          VL MARIANA     09780630SAO B DO CAMPO SP0000000000000000                                        000000000000                   
0330001300221P 010001001301476520130147652  0000000051934511  0000000000051931503201700000000001173000000 02N070320173000000000000000000000000000000000000000000000000000000000000000000000000000000000000000000000000005193000300000           
0330001300222Q 011000008263016819MARINA RIBEIRO AVELINO                  E ESTEVAO JORDAN, 254 AP 931            JD MONICA      05861300SAO PAULO      SP0000000000000000                                        000000000000                   
0330001300223P 010001001301476520130147652  0000000052621511  0000000000052621503201700000000002737000000 02N070320173000000000000000000000000000000000000000000000000000000000000000000000000000000000000000000000000005262000300000           
0330001300224Q 011000005320093802RENATO MATEUS DOS SANTOS                RUA ITALIA 68                           JD ORIENTAL    06033060SAO PAULO      SP0000000000000000                                        000000000000                   
0330001300225P 010001001301476520130147652  0000000052124511  0000000000052121503201700000000002386300000 02N070320173000000000000000000000000000000000000000000000000000000000000000000000000000000000000000000000000005212000300000           
0330001300226Q 011000012898603864MARCIO MELHADOS                         R WOLSTEIN, 116 A                       VL GRANADA     03623010SAO PAULO      SP0000000000000000                                        000000000000                   
0330001300227P 010001001301476520130147652  0000000052612511  0000000000052611503201700000000002737000000 02N070320173000000000000000000000000000000000000000000000000000000000000000000000000000000000000000000000000005261000300000           
0330001300228Q 011000006788635803JANE RODRIGUES RIBEIRO                  R VITORIO TAFARELLO, 54                 VL QUINTAUNA   06192150OSASCO         SP0000000000000000                                        000000000000                   
0330001300229P 010001001301476520130147652  0000000052582511  0000000000052581503201700000000001173000000 02N070320173000000000000000000000000000000000000000000000000000000000000000000000000000000000000000000000000005258000300000           
0330001300230Q 011000011445735806JOAQUIM JOSE R JUNIOR                   R JOSEPHINA LIUZZI DE MOR,BLOCO A - 310 J MARIA ROSA   06763140TABOAO DA SERRASP0000000000000000                                        000000000000                   
0330001300231P 010001001301476520130147652  0000000052272511  0000000000052271503201700000000001050800000 02N070320173000000000000000000000000000000000000000000000000000000000000000000000000000000000000000000000000005227000300000           
0330001300232Q 011000089928172820ANA IRES SANTOS SILVA                   PASSAGEM BRENO CALDAS, 27               VL CAMPO GRANDE04447025SAO PAULO      SP0000000000000000                                        000000000000                   
0330001300233P 010001001301476520130147652  0000000051691511  0000000000051691503201700000000000509200000 02N070320173000000000000000000000000000000000000000000000000000000000000000000000000000000000000000000000000005169000300000           
0330001300234Q 011000002214941894CELSO HYMALAIA DA CONCEICAO             RUAS DOS COQUEIROS, 665 AP 16           CAMPESTRE      09080010STO ANDRE      SP0000000000000000                                        000000000000                   
03300015         000236                                                                                                                                                                                                                         
03399999         000001000238                                                                                                                                                                                                                   