00100000         249938327000106002887755001411019  0595600000000400378 UBRASP                        BANCO DO BRASIL S.A.                    13004201614553100000000000000                                                                     
00100011R01  000 2049938327000106002887755001411019  0595600000000400378 UBRASP                                                                                                        000000000000000000000000                                 
0010001300001P 010595600000000400378 0000000000000000000010 0086             0705201600000000005738400000 02A3004201610805201600000000000000000000000000000000000000000000000000000000000000000000000000000000000000000000862050000090000000000 
0010001300002Q 011000004751573705SALETE FERNANDES DE OLIVEIRA            RUA PANTOJA,403,CASA                    ACARI          21531050RIO DE JANEIRO RJ0000000000000000                                        000                            
0010001300003P 010595600000000400378 0000000000000000000010 0087             0706201600000000005738400000 02A3004201610806201600000000000000000000000000000000000000000000000000000000000000000000000000000000000000000000872050000090000000000 
0010001300004Q 011000004751573705SALETE FERNANDES DE OLIVEIRA            RUA PANTOJA,403,CASA                    ACARI          21531050RIO DE JANEIRO RJ0000000000000000                                        000                            
0010001300005P 010595600000000400378 0000000000000000000010 0088             0707201600000000005738400000 02A3004201610807201600000000000000000000000000000000000000000000000000000000000000000000000000000000000000000000882050000090000000000 
0010001300006Q 011000004751573705SALETE FERNANDES DE OLIVEIRA            RUA PANTOJA,403,CASA                    ACARI          21531050RIO DE JANEIRO RJ0000000000000000                                        000                            
0010001300007P 010595600000000400378 0000000000000000000010 0083             0705201600000000006604100000 02A3004201610805201600000000000000000000000000000000000000000000000000000000000000000000000000000000000000000000832050000090000000000 
0010001300008Q 011000017054354320RITA ANGELICA CAETANO                   RUA FONTE DA SAUDADE,170,1103           LAGOA          22471210RIO DE JANEIRO RJ0000000000000000                                        000                            
0010001300009P 010595600000000400378 0000000000000000000010 0084             0706201600000000006604100000 02A3004201610806201600000000000000000000000000000000000000000000000000000000000000000000000000000000000000000000842050000090000000000 
0010001300010Q 011000017054354320RITA ANGELICA CAETANO                   RUA FONTE DA SAUDADE,170,1103           LAGOA          22471210RIO DE JANEIRO RJ0000000000000000                                        000                            
0010001300011P 010595600000000400378 0000000000000000000010 0085             0707201600000000006604100000 02A3004201610807201600000000000000000000000000000000000000000000000000000000000000000000000000000000000000000000852050000090000000000 
0010001300012Q 011000017054354320RITA ANGELICA CAETANO                   RUA FONTE DA SAUDADE,170,1103           LAGOA          22471210RIO DE JANEIRO RJ0000000000000000                                        000                            
0010001300013P 010595600000000400378 0000000000000000000010 0089             0705201600000000005738400000 02A3004201610805201600000000000000000000000000000000000000000000000000000000000000000000000000000000000000000000892050000090000000000 
0010001300014Q 011000041903455715MARIA APARECIDA FERREIRA NUNES          RUA LUIS DE BRITO,34,FUNDOS             MARIA DA GRACA 20785360RIO DE JANEIRO RJ0000000000000000                                        000                            
0010001300015P 010595600000000400378 0000000000000000000010 0090             0706201600000000005738400000 02A3004201610806201600000000000000000000000000000000000000000000000000000000000000000000000000000000000000000000902050000090000000000 
0010001300016Q 011000041903455715MARIA APARECIDA FERREIRA NUNES          RUA LUIS DE BRITO,34,FUNDOS             MARIA DA GRACA 20785360RIO DE JANEIRO RJ0000000000000000                                        000                            
0010001300017P 010595600000000400378 0000000000000000000010 0091             0707201600000000005738400000 02A3004201610807201600000000000000000000000000000000000000000000000000000000000000000000000000000000000000000000912050000090000000000 
0010001300018Q 011000041903455715MARIA APARECIDA FERREIRA NUNES          RUA LUIS DE BRITO,34,FUNDOS             MARIA DA GRACA 20785360RIO DE JANEIRO RJ0000000000000000                                        000                            
0010001300019P 010595600000000400378 0000000000000000000010 0092             0705201600000000005738400000 02A3004201610805201600000000000000000000000000000000000000000000000000000000000000000000000000000000000000000000922050000090000000000 
0010001300020Q 011000059095032787DULCE MARIA AZEVEDO DO NASCIMENTO       RUA COSTA FILHO,386,BL 10 AP 209        MARECHAL HERMES21610570RIO DE JANEIRO RJ0000000000000000                                        000                            
0010001300021P 010595600000000400378 0000000000000000000010 0093             0706201600000000005738400000 02A3004201610806201600000000000000000000000000000000000000000000000000000000000000000000000000000000000000000000932050000090000000000 
0010001300022Q 011000059095032787DULCE MARIA AZEVEDO DO NASCIMENTO       RUA COSTA FILHO,386,BL 10 AP 209        MARECHAL HERMES21610570RIO DE JANEIRO RJ0000000000000000                                        000                            
0010001300023P 010595600000000400378 0000000000000000000010 0094             0707201600000000005738400000 02A3004201610807201600000000000000000000000000000000000000000000000000000000000000000000000000000000000000000000942050000090000000000 
0010001300024Q 011000059095032787DULCE MARIA AZEVEDO DO NASCIMENTO       RUA COSTA FILHO,386,BL 10 AP 209        MARECHAL HERMES21610570RIO DE JANEIRO RJ0000000000000000                                        000                            
0010001300025P 010595600000000400378 0000000000000000000010 0095             0705201600000000001841800000 02A3004201610805201600000000000000000000000000000000000000000000000000000000000000000000000000000000000000000000952050000090000000000 
0010001300026Q 011000008423758729ADELIA DINIZ BARBOSA                    RUA RODRIGO DE BRITO,14,AP 301          BOTAFOGO       22280100RIO DE JANEIRO RJ0000000000000000                                        000                            
0010001300027P 010595600000000400378 0000000000000000000010 0096             0706201600000000001841800000 02A3004201610806201600000000000000000000000000000000000000000000000000000000000000000000000000000000000000000000962050000090000000000 
0010001300028Q 011000008423758729ADELIA DINIZ BARBOSA                    RUA RODRIGO DE BRITO,14,AP 301          BOTAFOGO       22280100RIO DE JANEIRO RJ0000000000000000                                        000                            
0010001300029P 010595600000000400378 0000000000000000000010 0097             0707201600000000001841800000 02A3004201610807201600000000000000000000000000000000000000000000000000000000000000000000000000000000000000000000972050000090000000000 
0010001300030Q 011000008423758729ADELIA DINIZ BARBOSA                    RUA RODRIGO DE BRITO,14,AP 301          BOTAFOGO       22280100RIO DE JANEIRO RJ0000000000000000                                        000                            
0010001300031P 010595600000000400378 0000000000000000000010 0098             0705201600000000001161500000 02A3004201610805201600000000000000000000000000000000000000000000000000000000000000000000000000000000000000000000982050000090000000000 
0010001300032Q 011000005212803110LETICIA KELEM DE OLIVEIRA               RUA ENGENHEIRO PINHO DE MAGAL,56,FUNDOS VILA DA PENHA  21220410RIO DE JANEIRO RJ0000000000000000                                        000                            
0010001300033P 010595600000000400378 0000000000000000000010 0099             0706201600000000001161500000 02A3004201610806201600000000000000000000000000000000000000000000000000000000000000000000000000000000000000000000992050000090000000000 
0010001300034Q 011000005212803110LETICIA KELEM DE OLIVEIRA               RUA ENGENHEIRO PINHO DE MAGAL,56,FUNDOS VILA DA PENHA  21220410RIO DE JANEIRO RJ0000000000000000                                        000                            
0010001300035P 010595600000000400378 0000000000000000000010 00100            0707201600000000001161500000 02A3004201610807201600000000000000000000000000000000000000000000000000000000000000000000000000000000000000000001002050000090000000000 
0010001300036Q 011000005212803110LETICIA KELEM DE OLIVEIRA               RUA ENGENHEIRO PINHO DE MAGAL,56,FUNDOS VILA DA PENHA  21220410RIO DE JANEIRO RJ0000000000000000                                        000                            
0010001300037P 010595600000000400378 0000000000000000000010 00101            0705201600000000003609000000 02A3004201610805201600000000000000000000000000000000000000000000000000000000000000000000000000000000000000000001012050000090000000000 
0010001300038Q 011000007385812759MARIA DE LOURDES LINS DE ARAUJO         RUA PARAMIRIM,738,CASA 4 LOTE 5         BENTO RIBEIRO  21550610RIO DE JANEIRO RJ0000000000000000                                        000                            
0010001300039P 010595600000000400378 0000000000000000000010 00102            0706201600000000003609000000 02A3004201610806201600000000000000000000000000000000000000000000000000000000000000000000000000000000000000000001022050000090000000000 
0010001300040Q 011000007385812759MARIA DE LOURDES LINS DE ARAUJO         RUA PARAMIRIM,738,CASA 4 LOTE 5         BENTO RIBEIRO  21550610RIO DE JANEIRO RJ0000000000000000                                        000                            
0010001300041P 010595600000000400378 0000000000000000000010 00103            0707201600000000003609000000 02A3004201610807201600000000000000000000000000000000000000000000000000000000000000000000000000000000000000000001032050000090000000000 
0010001300042Q 011000007385812759MARIA DE LOURDES LINS DE ARAUJO         RUA PARAMIRIM,738,CASA 4 LOTE 5         BENTO RIBEIRO  21550610RIO DE JANEIRO RJ0000000000000000                                        000                            
0010001300043P 010595600000000400378 0000000000000000000010 00119            0705201600000000003219800000 02A3004201610805201600000000000000000000000000000000000000000000000000000000000000000000000000000000000000000001192050000090000000000 
0010001300044Q 011000080972365753JUREMA ALVES GIRAO DE ALMEIDA           RUA CAMAIPI,291,BLOCO 12 AP 105         CAMPO GRANDE   23052320RIO DE JANEIRO RJ0000000000000000                                        000                            
0010001300045P 010595600000000400378 0000000000000000000010 00120            0706201600000000003219800000 02A3004201610806201600000000000000000000000000000000000000000000000000000000000000000000000000000000000000000001202050000090000000000 
0010001300046Q 011000080972365753JUREMA ALVES GIRAO DE ALMEIDA           RUA CAMAIPI,291,BLOCO 12 AP 105         CAMPO GRANDE   23052320RIO DE JANEIRO RJ0000000000000000                                        000                            
0010001300047P 010595600000000400378 0000000000000000000010 00121            0707201600000000003219800000 02A3004201610807201600000000000000000000000000000000000000000000000000000000000000000000000000000000000000000001212050000090000000000 
0010001300048Q 011000080972365753JUREMA ALVES GIRAO DE ALMEIDA           RUA CAMAIPI,291,BLOCO 12 AP 105         CAMPO GRANDE   23052320RIO DE JANEIRO RJ0000000000000000                                        000                            
0010001300049P 010595600000000400378 0000000000000000000010 00104            0705201600000000005738400000 02A3004201610805201600000000000000000000000000000000000000000000000000000000000000000000000000000000000000000001042050000090000000000 
0010001300050Q 011000069075956720VERA LUCIA CONY DE BARROS               ESTRADA DO PONTAL,7535,BLOCO 01         RECREIO DOS BAN22790877RIO DE JANEIRO RJ0000000000000000                                        000                            
0010001300051P 010595600000000400378 0000000000000000000010 00105            0706201600000000005738400000 02A3004201610806201600000000000000000000000000000000000000000000000000000000000000000000000000000000000000000001052050000090000000000 
0010001300052Q 011000069075956720VERA LUCIA CONY DE BARROS               ESTRADA DO PONTAL,7535,BLOCO 01         RECREIO DOS BAN22790877RIO DE JANEIRO RJ0000000000000000                                        000                            
0010001300053P 010595600000000400378 0000000000000000000010 00106            0707201600000000005738400000 02A3004201610807201600000000000000000000000000000000000000000000000000000000000000000000000000000000000000000001062050000090000000000 
0010001300054Q 011000069075956720VERA LUCIA CONY DE BARROS               ESTRADA DO PONTAL,7535,BLOCO 01         RECREIO DOS BAN22790877RIO DE JANEIRO RJ0000000000000000                                        000                            
0010001300055P 010595600000000400378 0000000000000000000010 00107            0705201600000000001613700000 02A3004201610805201600000000000000000000000000000000000000000000000000000000000000000000000000000000000000000001072050000090000000000 
0010001300056Q 011000012398767779DAYANNE DE OLIVEIRA                     RUA CARBONITA,113,BL 3 APTO 308         BRAZ DE PINA   21215210RIO DE JANEIRO RJ0000000000000000                                        000                            
0010001300057P 010595600000000400378 0000000000000000000010 00108            0706201600000000001613700000 02A3004201610806201600000000000000000000000000000000000000000000000000000000000000000000000000000000000000000001082050000090000000000 
0010001300058Q 011000012398767779DAYANNE DE OLIVEIRA                     RUA CARBONITA,113,BL 3 APTO 308         BRAZ DE PINA   21215210RIO DE JANEIRO RJ0000000000000000                                        000                            
0010001300059P 010595600000000400378 0000000000000000000010 00109            0707201600000000001613700000 02A3004201610807201600000000000000000000000000000000000000000000000000000000000000000000000000000000000000000001092050000090000000000 
0010001300060Q 011000012398767779DAYANNE DE OLIVEIRA                     RUA CARBONITA,113,BL 3 APTO 308         BRAZ DE PINA   21215210RIO DE JANEIRO RJ0000000000000000                                        000                            
0010001300061P 010595600000000400378 0000000000000000000010 00110            0705201600000000001629900000 02A3004201610805201600000000000000000000000000000000000000000000000000000000000000000000000000000000000000000001102050000090000000000 
0010001300062Q 011000011537945785GABRIELA DA COSTA SILVA                 RUA PROJETADA,0,B 37                    JARDIM ALECRIM 21832147RIO DE JANEIRO RJ0000000000000000                                        000                            
0010001300063P 010595600000000400378 0000000000000000000010 00111            0706201600000000001629900000 02A3004201610806201600000000000000000000000000000000000000000000000000000000000000000000000000000000000000000001112050000090000000000 
0010001300064Q 011000011537945785GABRIELA DA COSTA SILVA                 RUA PROJETADA,0,B 37                    JARDIM ALECRIM 21832147RIO DE JANEIRO RJ0000000000000000                                        000                            
0010001300065P 010595600000000400378 0000000000000000000010 00112            0707201600000000001629900000 02A3004201610807201600000000000000000000000000000000000000000000000000000000000000000000000000000000000000000001122050000090000000000 
0010001300066Q 011000011537945785GABRIELA DA COSTA SILVA                 RUA PROJETADA,0,B 37                    JARDIM ALECRIM 21832147RIO DE JANEIRO RJ0000000000000000                                        000                            
0010001300067P 010595600000000400378 0000000000000000000010 00113            0705201600000000003219800000 02A3004201610805201600000000000000000000000000000000000000000000000000000000000000000000000000000000000000000001132050000090000000000 
0010001300068Q 011000088330478734ANTONIO CARLOS NUNEZ                    RUA PAULO VIANA DE ARAUJO FI,100,AP 1308BARRA DA TIJUCA22631040RIO DE JANEIRO RJ0000000000000000                                        000                            
0010001300069P 010595600000000400378 0000000000000000000010 00114            0706201600000000003219800000 02A3004201610806201600000000000000000000000000000000000000000000000000000000000000000000000000000000000000000001142050000090000000000 
0010001300070Q 011000088330478734ANTONIO CARLOS NUNEZ                    RUA PAULO VIANA DE ARAUJO FI,100,AP 1308BARRA DA TIJUCA22631040RIO DE JANEIRO RJ0000000000000000                                        000                            
0010001300071P 010595600000000400378 0000000000000000000010 00115            0707201600000000003219800000 02A3004201610807201600000000000000000000000000000000000000000000000000000000000000000000000000000000000000000001152050000090000000000 
0010001300072Q 011000088330478734ANTONIO CARLOS NUNEZ                    RUA PAULO VIANA DE ARAUJO FI,100,AP 1308BARRA DA TIJUCA22631040RIO DE JANEIRO RJ0000000000000000                                        000                            
0010001300073P 010595600000000400378 0000000000000000000010 00122            0705201600000000005738400000 02A3004201610805201600000000000000000000000000000000000000000000000000000000000000000000000000000000000000000001222050000090000000000 
0010001300074Q 011000037165259791ANGELA SCHOWOETTER MARTELLO             ESTRADA PACUI,64,AP 203 FUNDOS          VARGEM GRANDE  22785160RIO DE JANEIRO RJ0000000000000000                                        000                            
0010001300075P 010595600000000400378 0000000000000000000010 00123            0706201600000000005738400000 02A3004201610806201600000000000000000000000000000000000000000000000000000000000000000000000000000000000000000001232050000090000000000 
0010001300076Q 011000037165259791ANGELA SCHOWOETTER MARTELLO             ESTRADA PACUI,64,AP 203 FUNDOS          VARGEM GRANDE  22785160RIO DE JANEIRO RJ0000000000000000                                        000                            
0010001300077P 010595600000000400378 0000000000000000000010 00124            0707201600000000005738400000 02A3004201610807201600000000000000000000000000000000000000000000000000000000000000000000000000000000000000000001242050000090000000000 
0010001300078Q 011000037165259791ANGELA SCHOWOETTER MARTELLO             ESTRADA PACUI,64,AP 203 FUNDOS          VARGEM GRANDE  22785160RIO DE JANEIRO RJ0000000000000000                                        000                            
0010001300079P 010595600000000400378 0000000000000000000010 00116            0705201600000000001897000000 02A3004201610805201600000000000000000000000000000000000000000000000000000000000000000000000000000000000000000001162050000090000000000 
0010001300080Q 011000009107413793CRISTIANE ALVES GUIMARAES BAPTISTA      RUA ALCEBIADES JOSE D,0,QUADRA 4 LOTE 3 AREAL?         24800846ITABORAI       RJ0000000000000000                                        000                            
0010001300081P 010595600000000400378 0000000000000000000010 00117            0706201600000000001897000000 02A3004201610806201600000000000000000000000000000000000000000000000000000000000000000000000000000000000000000001172050000090000000000 
0010001300082Q 011000009107413793CRISTIANE ALVES GUIMARAES BAPTISTA      RUA ALCEBIADES JOSE D,0,QUADRA 4 LOTE 3 AREAL?         24800846ITABORAI       RJ0000000000000000                                        000                            
0010001300083P 010595600000000400378 0000000000000000000010 00118            0707201600000000001897000000 02A3004201610807201600000000000000000000000000000000000000000000000000000000000000000000000000000000000000000001182050000090000000000 
0010001300084Q 011000009107413793CRISTIANE ALVES GUIMARAES BAPTISTA      RUA ALCEBIADES JOSE D,0,QUADRA 4 LOTE 3 AREAL?         24800846ITABORAI       RJ0000000000000000                                        000                            
0010001300085P 010595600000000400378 0000000000000000000010 00125            0705201600000000001104600000 02A3004201610805201600000000000000000000000000000000000000000000000000000000000000000000000000000000000000000001252050000090000000000 
0010001300086Q 011000019134267778MARIA LUISA AUGUSTO TORRES              ALAMEDA ALBERTO FLORE,0,BLOCO 16 AP 214 PILARES        20755080RIO DE JANEIRO RJ0000000000000000                                        000                            
0010001300087P 010595600000000400378 0000000000000000000010 00126            0706201600000000001104600000 02A3004201610806201600000000000000000000000000000000000000000000000000000000000000000000000000000000000000000001262050000090000000000 
0010001300088Q 011000019134267778MARIA LUISA AUGUSTO TORRES              ALAMEDA ALBERTO FLORE,0,BLOCO 16 AP 214 PILARES        20755080RIO DE JANEIRO RJ0000000000000000                                        000                            
0010001300089P 010595600000000400378 0000000000000000000010 00127            0707201600000000001104600000 02A3004201610807201600000000000000000000000000000000000000000000000000000000000000000000000000000000000000000001272050000090000000000 
0010001300090Q 011000019134267778MARIA LUISA AUGUSTO TORRES              ALAMEDA ALBERTO FLORE,0,BLOCO 16 AP 214 PILARES        20755080RIO DE JANEIRO RJ0000000000000000                                        000                            
0010001300091P 010595600000000400378 0000000000000000000010 00128            0705201600000000001417400000 02A3004201610805201600000000000000000000000000000000000000000000000000000000000000000000000000000000000000000001282050000090000000000 
0010001300092Q 011000010880467703ELIONEIDE MARIA DA SILVA                RUA MACARANDUBA,137,CASA                BONSUCESSO     21044120RIO DE JANEIRO RJ0000000000000000                                        000                            
0010001300093P 010595600000000400378 0000000000000000000010 00129            0706201600000000001417400000 02A3004201610806201600000000000000000000000000000000000000000000000000000000000000000000000000000000000000000001292050000090000000000 
0010001300094Q 011000010880467703ELIONEIDE MARIA DA SILVA                RUA MACARANDUBA,137,CASA                BONSUCESSO     21044120RIO DE JANEIRO RJ0000000000000000                                        000                            
0010001300095P 010595600000000400378 0000000000000000000010 00130            0707201600000000001417400000 02A3004201610807201600000000000000000000000000000000000000000000000000000000000000000000000000000000000000000001302050000090000000000 
0010001300096Q 011000010880467703ELIONEIDE MARIA DA SILVA                RUA MACARANDUBA,137,CASA                BONSUCESSO     21044120RIO DE JANEIRO RJ0000000000000000                                        000                            
0010001300097P 010595600000000400378 0000000000000000000010 00131            0705201600000000001417400000 02A3004201610805201600000000000000000000000000000000000000000000000000000000000000000000000000000000000000000001312050000090000000000 
0010001300098Q 011000010757284795LUCIANA SILVA DOS SANTOS                RUA LAURA BRANDAO,197,FUNDOS            GUADALUPE      21675510RIO DE JANEIRO RJ0000000000000000                                        000                            
0010001300099P 010595600000000400378 0000000000000000000010 00132            0706201600000000001417400000 02A3004201610806201600000000000000000000000000000000000000000000000000000000000000000000000000000000000000000001322050000090000000000 
0010001300100Q 011000010757284795LUCIANA SILVA DOS SANTOS                RUA LAURA BRANDAO,197,FUNDOS            GUADALUPE      21675510RIO DE JANEIRO RJ0000000000000000                                        000                            
0010001300101P 010595600000000400378 0000000000000000000010 00133            0707201600000000001417400000 02A3004201610807201600000000000000000000000000000000000000000000000000000000000000000000000000000000000000000001332050000090000000000 
0010001300102Q 011000010757284795LUCIANA SILVA DOS SANTOS                RUA LAURA BRANDAO,197,FUNDOS            GUADALUPE      21675510RIO DE JANEIRO RJ0000000000000000                                        000                            
0010001300103P 010595600000000400378 0000000000000000000010 00137            0705201600000000001897000000 02A3004201610805201600000000000000000000000000000000000000000000000000000000000000000000000000000000000000000001372050000090000000000 
0010001300104Q 011000004284730754ELIANE ANTUNES DA SILVA                 RUA MARECHAL BITTENCO,184,AP 101 BLOCO 1RIACHUELO      20950200RIO DE JANEIRO RJ0000000000000000                                        000                            
0010001300105P 010595600000000400378 0000000000000000000010 00138            0706201600000000001897000000 02A3004201610806201600000000000000000000000000000000000000000000000000000000000000000000000000000000000000000001382050000090000000000 
0010001300106Q 011000004284730754ELIANE ANTUNES DA SILVA                 RUA MARECHAL BITTENCO,184,AP 101 BLOCO 1RIACHUELO      20950200RIO DE JANEIRO RJ0000000000000000                                        000                            
0010001300107P 010595600000000400378 0000000000000000000010 00139            0707201600000000001897000000 02A3004201610807201600000000000000000000000000000000000000000000000000000000000000000000000000000000000000000001392050000090000000000 
0010001300108Q 011000004284730754ELIANE ANTUNES DA SILVA                 RUA MARECHAL BITTENCO,184,AP 101 BLOCO 1RIACHUELO      20950200RIO DE JANEIRO RJ0000000000000000                                        000                            
0010001300109P 010595600000000400378 0000000000000000000010 00140            0705201600000000001536900000 02A3004201610805201600000000000000000000000000000000000000000000000000000000000000000000000000000000000000000001402050000090000000000 
0010001300110Q 011000015235273745FERNANDA DE ALMEIDA ARRUZZO             RUA SILVA TELES,6,AP 604                ANDARAI        20541110RIO DE JANEIRO RJ0000000000000000                                        000                            
0010001300111P 010595600000000400378 0000000000000000000010 00141            0706201600000000001536900000 02A3004201610806201600000000000000000000000000000000000000000000000000000000000000000000000000000000000000000001412050000090000000000 
0010001300112Q 011000015235273745FERNANDA DE ALMEIDA ARRUZZO             RUA SILVA TELES,6,AP 604                ANDARAI        20541110RIO DE JANEIRO RJ0000000000000000                                        000                            
0010001300113P 010595600000000400378 0000000000000000000010 00142            0707201600000000001536900000 02A3004201610807201600000000000000000000000000000000000000000000000000000000000000000000000000000000000000000001422050000090000000000 
0010001300114Q 011000015235273745FERNANDA DE ALMEIDA ARRUZZO             RUA SILVA TELES,6,AP 604                ANDARAI        20541110RIO DE JANEIRO RJ0000000000000000                                        000                            
0010001300115P 010595600000000400378 0000000000000000000010 00134            0705201600000000006604100000 02A3004201610805201600000000000000000000000000000000000000000000000000000000000000000000000000000000000000000001342050000090000000000 
0010001300116Q 011000003745504763MARIA JOSE DA SILVA                     RUA PIRACAIA,764                        MARECHAL HERMES21555260RIO DE JANEIRO RJ0000000000000000                                        000                            
0010001300117P 010595600000000400378 0000000000000000000010 00135            0706201600000000006604100000 02A3004201610806201600000000000000000000000000000000000000000000000000000000000000000000000000000000000000000001352050000090000000000 
0010001300118Q 011000003745504763MARIA JOSE DA SILVA                     RUA PIRACAIA,764                        MARECHAL HERMES21555260RIO DE JANEIRO RJ0000000000000000                                        000                            
0010001300119P 010595600000000400378 0000000000000000000010 00136            0707201600000000006604100000 02A3004201610807201600000000000000000000000000000000000000000000000000000000000000000000000000000000000000000001362050000090000000000 
0010001300120Q 011000003745504763MARIA JOSE DA SILVA                     RUA PIRACAIA,764                        MARECHAL HERMES21555260RIO DE JANEIRO RJ0000000000000000                                        000                            
0010001300121P 010595600000000400378 0000000000000000000010 00143            0705201600000000002705700000 02A3004201610805201600000000000000000000000000000000000000000000000000000000000000000000000000000000000000000001432050000090000000000 
0010001300122Q 011000000158650700MARIA LUCIA WERMERSK FERNANDES          RUA SIZENANDO NABUCO,248,CASA           MANGUINHOS     21041250RIO DE JANEIRO RJ0000000000000000                                        000                            
0010001300123P 010595600000000400378 0000000000000000000010 00144            0706201600000000002705700000 02A3004201610806201600000000000000000000000000000000000000000000000000000000000000000000000000000000000000000001442050000090000000000 
0010001300124Q 011000000158650700MARIA LUCIA WERMERSK FERNANDES          RUA SIZENANDO NABUCO,248,CASA           MANGUINHOS     21041250RIO DE JANEIRO RJ0000000000000000                                        000                            
0010001300125P 010595600000000400378 0000000000000000000010 00145            0707201600000000002705700000 02A3004201610807201600000000000000000000000000000000000000000000000000000000000000000000000000000000000000000001452050000090000000000 
0010001300126Q 011000000158650700MARIA LUCIA WERMERSK FERNANDES          RUA SIZENANDO NABUCO,248,CASA           MANGUINHOS     21041250RIO DE JANEIRO RJ0000000000000000                                        000                            
0010001300127P 010595600000000400378 0000000000000000000010 00146            0705201600000000006604100000 02A3004201610805201600000000000000000000000000000000000000000000000000000000000000000000000000000000000000000001462050000090000000000 
0010001300128Q 011000043696228753FRANCISCA ARAUJO GOMES                  RUA PROFESSOR HENRIQUE COSTA,324,AP 102 PECHINCHA      22770233RIO DE JANEIRO RJ0000000000000000                                        000                            
0010001300129P 010595600000000400378 0000000000000000000010 00147            0706201600000000006604100000 02A3004201610806201600000000000000000000000000000000000000000000000000000000000000000000000000000000000000000001472050000090000000000 
0010001300130Q 011000043696228753FRANCISCA ARAUJO GOMES                  RUA PROFESSOR HENRIQUE COSTA,324,AP 102 PECHINCHA      22770233RIO DE JANEIRO RJ0000000000000000                                        000                            
0010001300131P 010595600000000400378 0000000000000000000010 00148            0707201600000000006604100000 02A3004201610807201600000000000000000000000000000000000000000000000000000000000000000000000000000000000000000001482050000090000000000 
0010001300132Q 011000043696228753FRANCISCA ARAUJO GOMES                  RUA PROFESSOR HENRIQUE COSTA,324,AP 102 PECHINCHA      22770233RIO DE JANEIRO RJ0000000000000000                                        000                            
0010001300133P 010595600000000400378 0000000000000000000010 00149            0705201600000000002436900000 02A3004201610805201600000000000000000000000000000000000000000000000000000000000000000000000000000000000000000001492050000090000000000 
0010001300134Q 011000001661520723ALESSANDRA ALVES ROSA DOS SANTOS        RUA UBARANA,40,CASA 3                   RICARDO DE ALBU21620600RIO DE JANEIRO RJ0000000000000000                                        000                            
0010001300135P 010595600000000400378 0000000000000000000010 00150            0706201600000000002436900000 02A3004201610806201600000000000000000000000000000000000000000000000000000000000000000000000000000000000000000001502050000090000000000 
0010001300136Q 011000001661520723ALESSANDRA ALVES ROSA DOS SANTOS        RUA UBARANA,40,CASA 3                   RICARDO DE ALBU21620600RIO DE JANEIRO RJ0000000000000000                                        000                            
0010001300137P 010595600000000400378 0000000000000000000010 00151            0707201600000000002436900000 02A3004201610807201600000000000000000000000000000000000000000000000000000000000000000000000000000000000000000001512050000090000000000 
0010001300138Q 011000001661520723ALESSANDRA ALVES ROSA DOS SANTOS        RUA UBARANA,40,CASA 3                   RICARDO DE ALBU21620600RIO DE JANEIRO RJ0000000000000000                                        000                            
0010001300139P 010595600000000400378 0000000000000000000010 00152            0705201600000000001417400000 02A3004201610805201600000000000000000000000000000000000000000000000000000000000000000000000000000000000000000001522050000090000000000 
0010001300140Q 011000011625162758CASSIO SALLES ROSA                      RUA TATURANA,334                        VICENTE DE CARV21371110RIO DE JANEIRO RJ0000000000000000                                        000                            
0010001300141P 010595600000000400378 0000000000000000000010 00153            0706201600000000001417400000 02A3004201610806201600000000000000000000000000000000000000000000000000000000000000000000000000000000000000000001532050000090000000000 
0010001300142Q 011000011625162758CASSIO SALLES ROSA                      RUA TATURANA,334                        VICENTE DE CARV21371110RIO DE JANEIRO RJ0000000000000000                                        000                            
0010001300143P 010595600000000400378 0000000000000000000010 00154            0707201600000000001417400000 02A3004201610807201600000000000000000000000000000000000000000000000000000000000000000000000000000000000000000001542050000090000000000 
0010001300144Q 011000011625162758CASSIO SALLES ROSA                      RUA TATURANA,334                        VICENTE DE CARV21371110RIO DE JANEIRO RJ0000000000000000                                        000                            
0010001300145P 010595600000000400378 0000000000000000000010 00155            0705201600000000001649800000 02A3004201610805201600000000000000000000000000000000000000000000000000000000000000000000000000000000000000000001552050000090000000000 
0010001300146Q 011000007690869777SIMONE CRISTINA FERREIRA                RUA ALBINO IMPARATO ,110,FUNDOS         PARQUE PAULICEI25080010DUQUE DE CAXIASRJ0000000000000000                                        000                            
0010001300147P 010595600000000400378 0000000000000000000010 00156            0706201600000000001649800000 02A3004201610806201600000000000000000000000000000000000000000000000000000000000000000000000000000000000000000001562050000090000000000 
0010001300148Q 011000007690869777SIMONE CRISTINA FERREIRA                RUA ALBINO IMPARATO ,110,FUNDOS         PARQUE PAULICEI25080010DUQUE DE CAXIASRJ0000000000000000                                        000                            
0010001300149P 010595600000000400378 0000000000000000000010 00157            0707201600000000001649800000 02A3004201610807201600000000000000000000000000000000000000000000000000000000000000000000000000000000000000000001572050000090000000000 
0010001300150Q 011000007690869777SIMONE CRISTINA FERREIRA                RUA ALBINO IMPARATO ,110,FUNDOS         PARQUE PAULICEI25080010DUQUE DE CAXIASRJ0000000000000000                                        000                            
0010001300151P 010595600000000400378 0000000000000000000010 00158            0705201600000000001403400000 02A3004201610805201600000000000000000000000000000000000000000000000000000000000000000000000000000000000000000001582050000090000000000 
0010001300152Q 011000012013247770RAFAELA DA SILVA PAULA                  RUA MARECHAL FLORIANO,205               PARQUE DUQUE DE25075025DUQUE DE CAXIASRJ0000000000000000                                        000                            
0010001300153P 010595600000000400378 0000000000000000000010 00159            0706201600000000001403400000 02A3004201610806201600000000000000000000000000000000000000000000000000000000000000000000000000000000000000000001592050000090000000000 
0010001300154Q 011000012013247770RAFAELA DA SILVA PAULA                  RUA MARECHAL FLORIANO,205               PARQUE DUQUE DE25075025DUQUE DE CAXIASRJ0000000000000000                                        000                            
0010001300155P 010595600000000400378 0000000000000000000010 00160            0707201600000000001403400000 02A3004201610807201600000000000000000000000000000000000000000000000000000000000000000000000000000000000000000001602050000090000000000 
0010001300156Q 011000012013247770RAFAELA DA SILVA PAULA                  RUA MARECHAL FLORIANO,205               PARQUE DUQUE DE25075025DUQUE DE CAXIASRJ0000000000000000                                        000                            
0010001300157P 010595600000000400378 0000000000000000000010 00161            0705201600000000001417400000 02A3004201610805201600000000000000000000000000000000000000000000000000000000000000000000000000000000000000000001612050000090000000000 
0010001300158Q 011000010863094724LUCIANA FARIAS SOARES                   RUA ELIAS CHAVES,66,CASA 14             BENTO RIBEIRO  21550460RIO DE JANEIRO RJ0000000000000000                                        000                            
0010001300159P 010595600000000400378 0000000000000000000010 00162            0706201600000000001417400000 02A3004201610806201600000000000000000000000000000000000000000000000000000000000000000000000000000000000000000001622050000090000000000 
0010001300160Q 011000010863094724LUCIANA FARIAS SOARES                   RUA ELIAS CHAVES,66,CASA 14             BENTO RIBEIRO  21550460RIO DE JANEIRO RJ0000000000000000                                        000                            
0010001300161P 010595600000000400378 0000000000000000000010 00163            0707201600000000001417400000 02A3004201610807201600000000000000000000000000000000000000000000000000000000000000000000000000000000000000000001632050000090000000000 
0010001300162Q 011000010863094724LUCIANA FARIAS SOARES                   RUA ELIAS CHAVES,66,CASA 14             BENTO RIBEIRO  21550460RIO DE JANEIRO RJ0000000000000000                                        000                            
0010001300163P 010595600000000400378 0000000000000000000010 00164            0705201600000000006604100000 02A3004201610805201600000000000000000000000000000000000000000000000000000000000000000000000000000000000000000001642050000090000000000 
0010001300164Q 011000054893160710IVONE CARDOSO DE LIMA                   RUA JOAO ,S/N,SN AP 101 LOTE 15 QUADRA 2REALENGO       21770100RIO DE JANEIRO RJ0000000000000000                                        000                            
0010001300165P 010595600000000400378 0000000000000000000010 00165            0706201600000000006604100000 02A3004201610806201600000000000000000000000000000000000000000000000000000000000000000000000000000000000000000001652050000090000000000 
0010001300166Q 011000054893160710IVONE CARDOSO DE LIMA                   RUA JOAO ,S/N,SN AP 101 LOTE 15 QUADRA 2REALENGO       21770100RIO DE JANEIRO RJ0000000000000000                                        000                            
0010001300167P 010595600000000400378 0000000000000000000010 00166            0707201600000000006604100000 02A3004201610807201600000000000000000000000000000000000000000000000000000000000000000000000000000000000000000001662050000090000000000 
0010001300168Q 011000054893160710IVONE CARDOSO DE LIMA                   RUA JOAO ,S/N,SN AP 101 LOTE 15 QUADRA 2REALENGO       21770100RIO DE JANEIRO RJ0000000000000000                                        000                            
0010001300169P 010595600000000400378 0000000000000000000010 00167            0705201600000000001403400000 02A3004201610805201600000000000000000000000000000000000000000000000000000000000000000000000000000000000000000001672050000090000000000 
0010001300170Q 011000011622551702FABIANA GLORIA NASCIMENTO DE ASSIS      RUA ANTONIO ALEXANDRE DE OLIVEIRA,513   VILA ROSALI    25510292SAO JOAO DE MERRJ0000000000000000                                        000                            
0010001300171P 010595600000000400378 0000000000000000000010 00168            0706201600000000001403400000 02A3004201610806201600000000000000000000000000000000000000000000000000000000000000000000000000000000000000000001682050000090000000000 
0010001300172Q 011000011622551702FABIANA GLORIA NASCIMENTO DE ASSIS      RUA ANTONIO ALEXANDRE DE OLIVEIRA,513   VILA ROSALI    25510292SAO JOAO DE MERRJ0000000000000000                                        000                            
0010001300173P 010595600000000400378 0000000000000000000010 00169            0707201600000000001403400000 02A3004201610807201600000000000000000000000000000000000000000000000000000000000000000000000000000000000000000001692050000090000000000 
0010001300174Q 011000011622551702FABIANA GLORIA NASCIMENTO DE ASSIS      RUA ANTONIO ALEXANDRE DE OLIVEIRA,513   VILA ROSALI    25510292SAO JOAO DE MERRJ0000000000000000                                        000                            
0010001300175P 010595600000000400378 0000000000000000000010 00170            0705201600000000001104600000 02A3004201610805201600000000000000000000000000000000000000000000000000000000000000000000000000000000000000000001702050000090000000000 
0010001300176Q 011000019226620709KAIQUI MIGUEL DE VARGAS DE LIMA         RUA MARIO FACCINE,S/N,LOTE 209 QUADRA 43PONTE PRETA    25915000MAGE           RJ0000000000000000                                        000                            
0010001300177P 010595600000000400378 0000000000000000000010 00171            0706201600000000001104600000 02A3004201610806201600000000000000000000000000000000000000000000000000000000000000000000000000000000000000000001712050000090000000000 
0010001300178Q 011000019226620709KAIQUI MIGUEL DE VARGAS DE LIMA         RUA MARIO FACCINE,S/N,LOTE 209 QUADRA 43PONTE PRETA    25915000MAGE           RJ0000000000000000                                        000                            
0010001300179P 010595600000000400378 0000000000000000000010 00172            0707201600000000001104600000 02A3004201610807201600000000000000000000000000000000000000000000000000000000000000000000000000000000000000000001722050000090000000000 
0010001300180Q 011000019226620709KAIQUI MIGUEL DE VARGAS DE LIMA         RUA MARIO FACCINE,S/N,LOTE 209 QUADRA 43PONTE PRETA    25915000MAGE           RJ0000000000000000                                        000                            
0010001300181P 010595600000000400378 0000000000000000000010 0081             0705201600000000005146900000 02A2704201610805201600000000000000000000000000000000000000000000000000000000000000000000000000000000000000000000812050000090000000000 
0010001300182Q 011000002743323701JURACI PEREIRA DA SILVA                 TRAVESSA CORONEL RAIMUNDO SAM,15,AP 202 SITIO DOS GANSO25570391SAO JOAO DE MERRJ0000000000000000                                        000                            
0010001300183P 010595600000000400378 0000000000000000000010 00173            0706201600000000005146900000 02A3004201610806201600000000000000000000000000000000000000000000000000000000000000000000000000000000000000000001732050000090000000000 
0010001300184Q 011000002743323701JURACI PEREIRA DA SILVA                 TRAVESSA CORONEL RAIMUNDO SAM,15,AP 202 SITIO DOS GANSO25570391SAO JOAO DE MERRJ0000000000000000                                        000                            
0010001300185P 010595600000000400378 0000000000000000000010 00174            0707201600000000005146900000 02A3004201610807201600000000000000000000000000000000000000000000000000000000000000000000000000000000000000000001742050000090000000000 
0010001300186Q 011000002743323701JURACI PEREIRA DA SILVA                 TRAVESSA CORONEL RAIMUNDO SAM,15,AP 202 SITIO DOS GANSO25570391SAO JOAO DE MERRJ0000000000000000                                        000                            
0010001300187P 010595600000000400378 0000000000000000000010 00175            0705201600000000001629900000 02A3004201610805201600000000000000000000000000000000000000000000000000000000000000000000000000000000000000000001752050000090000000000 
0010001300188Q 011000011657735702JOYCE OLIVEIRA DIAS MARQUES             RUA MARAPENDI,27,AP 102                 MARECHAL HERMES21557130RIO DE JANEIRO RJ0000000000000000                                        000                            
0010001300189P 010595600000000400378 0000000000000000000010 00176            0706201600000000001629900000 02A3004201610806201600000000000000000000000000000000000000000000000000000000000000000000000000000000000000000001762050000090000000000 
0010001300190Q 011000011657735702JOYCE OLIVEIRA DIAS MARQUES             RUA MARAPENDI,27,AP 102                 MARECHAL HERMES21557130RIO DE JANEIRO RJ0000000000000000                                        000                            
0010001300191P 010595600000000400378 0000000000000000000010 00177            0707201600000000001629900000 02A3004201610807201600000000000000000000000000000000000000000000000000000000000000000000000000000000000000000001772050000090000000000 
0010001300192Q 011000011657735702JOYCE OLIVEIRA DIAS MARQUES             RUA MARAPENDI,27,AP 102                 MARECHAL HERMES21557130RIO DE JANEIRO RJ0000000000000000                                        000                            
0010001300193P 010595600000000400378 0000000000000000000010 0082             0705201600000000001417400000 02A2904201610805201600000000000000000000000000000000000000000000000000000000000000000000000000000000000000000000822050000090000000000 
0010001300194Q 011000012073811795RONY DA SILVA GUERRA                    AVENIDA NOSSA SENHORA DE COP,312,AP 1204COPACABANA     22020001RIO DE JANEIRO RJ0000000000000000                                        000                            
0010001300195P 010595600000000400378 0000000000000000000010 00178            0706201600000000001417400000 02A3004201610806201600000000000000000000000000000000000000000000000000000000000000000000000000000000000000000001782050000090000000000 
0010001300196Q 011000012073811795RONY DA SILVA GUERRA                    AVENIDA NOSSA SENHORA DE COP,312,AP 1204COPACABANA     22020001RIO DE JANEIRO RJ0000000000000000                                        000                            
0010001300197P 010595600000000400378 0000000000000000000010 00179            0707201600000000001417400000 02A3004201610807201600000000000000000000000000000000000000000000000000000000000000000000000000000000000000000001792050000090000000000 
0010001300198Q 011000012073811795RONY DA SILVA GUERRA                    AVENIDA NOSSA SENHORA DE COP,312,AP 1204COPACABANA     22020001RIO DE JANEIRO RJ0000000000000000                                        000                            
00100015         000200                                                                                                                                                                                                                         
00199999         000001000202000000                                                                                                                                                                                                             