00100000         249938327000106002887755001411019  0595600000000400378 UBRASP                        BANCO DO BRASIL S.A.                    10112201609524400000000000000                                                                     
00100011R01  000 2049938327000106002887755001411019  0595600000000400378 UBRASP                                                                                                        000000000000000000000000                                 
0010001300001P 010595600000000400378 28877550000003471   10 003471           0712201600000000005738400000 02A0112201610812201600000000000000000000000000000000000000000000000000000000000000000000000000000000000000000034713000000090000000000 
0010001300002Q 011000004534463707RAIMUNDA LOPES PEREIRA                  TRAVESSA DA FLORESTA,95,AP 201          ITANHANGA?     22641205RIO DE JANEIRO RJ0000000000000000                                        000                            
0010001300003P 010595600000000400378 28877550000003472   10 003472           0712201600000000005738400000 02A0112201610812201600000000000000000000000000000000000000000000000000000000000000000000000000000000000000000034723000000090000000000 
0010001300004Q 011000028860110700NEUSA MARIA DAVID FERNANDES             RUA NOSSA SENHORA DE LOURDES,95,AP 101  GRAJAU         20540370RIO DE JANEIRO RJ0000000000000000                                        000                            
00100015         000006                                                                                                                                                                                                                         
00199999         000001000008000000                                                                                                                                                                                                             