00100000         249938327000106002887755001411019  0595600000000400378 UBRASP                        BANCO DO BRASIL S.A.                    12608201610193400000000000000                                                                     
00100011R01  000 2049938327000106002887755001411019  0595600000000400378 UBRASP                                                                                                        000000000000000000000000                                 
0010001300001P 010595600000000400378 0000000000000000000010 001122           0709201600000000001417400000 02A2608201610809201600000000000000000000000000000000000000000000000000000000000000000000000000000000000000000011222050000090000000000 
0010001300002Q 011000011463380747PATRICIA DE VASCONCELLOS OLIVEIRA       RUA DONA EMILIA,59,B                    INHAUMA        20765110RIO DE JANEIRO RJ0000000000000000                                        000                            
0010001300003P 010595600000000400378 0000000000000000000010 001123           0710201600000000001417400000 02A2608201610810201600000000000000000000000000000000000000000000000000000000000000000000000000000000000000000011232050000090000000000 
0010001300004Q 011000011463380747PATRICIA DE VASCONCELLOS OLIVEIRA       RUA DONA EMILIA,59,B                    INHAUMA        20765110RIO DE JANEIRO RJ0000000000000000                                        000                            
0010001300005P 010595600000000400378 0000000000000000000010 001124           0711201600000000001417400000 02A2608201610811201600000000000000000000000000000000000000000000000000000000000000000000000000000000000000000011242050000090000000000 
0010001300006Q 011000011463380747PATRICIA DE VASCONCELLOS OLIVEIRA       RUA DONA EMILIA,59,B                    INHAUMA        20765110RIO DE JANEIRO RJ0000000000000000                                        000                            
0010001300007P 010595600000000400378 0000000000000000000010 001125           0709201600000000006604100000 02A2608201610809201600000000000000000000000000000000000000000000000000000000000000000000000000000000000000000011252050000090000000000 
0010001300008Q 011000035792558787LENICE LUIZA DE CASTRO                  RUA MACHADO DE ASSIS,65                 VILAR DOS TELES25560140SAO JOAO DE MERRJ0000000000000000                                        000                            
0010001300009P 010595600000000400378 0000000000000000000010 001126           0710201600000000006604100000 02A2608201610810201600000000000000000000000000000000000000000000000000000000000000000000000000000000000000000011262050000090000000000 
0010001300010Q 011000035792558787LENICE LUIZA DE CASTRO                  RUA MACHADO DE ASSIS,65                 VILAR DOS TELES25560140SAO JOAO DE MERRJ0000000000000000                                        000                            
0010001300011P 010595600000000400378 0000000000000000000010 001127           0711201600000000006604100000 02A2608201610811201600000000000000000000000000000000000000000000000000000000000000000000000000000000000000000011272050000090000000000 
0010001300012Q 011000035792558787LENICE LUIZA DE CASTRO                  RUA MACHADO DE ASSIS,65                 VILAR DOS TELES25560140SAO JOAO DE MERRJ0000000000000000                                        000                            
0010001300013P 010595600000000400378 0000000000000000000010 001128           0709201600000000002365900000 02A2608201610809201600000000000000000000000000000000000000000000000000000000000000000000000000000000000000000011282050000090000000000 
0010001300014Q 011000009022398722MURILO MARTINS LIMA                     RUA CAROLINA AMADO,1402,CASA 03         IRAJA          21361320RIO DE JANEIRO RJ0000000000000000                                        000                            
0010001300015P 010595600000000400378 0000000000000000000010 001129           0710201600000000002365900000 02A2608201610810201600000000000000000000000000000000000000000000000000000000000000000000000000000000000000000011292050000090000000000 
0010001300016Q 011000009022398722MURILO MARTINS LIMA                     RUA CAROLINA AMADO,1402,CASA 03         IRAJA          21361320RIO DE JANEIRO RJ0000000000000000                                        000                            
0010001300017P 010595600000000400378 0000000000000000000010 001130           0711201600000000002365900000 02A2608201610811201600000000000000000000000000000000000000000000000000000000000000000000000000000000000000000011302050000090000000000 
0010001300018Q 011000009022398722MURILO MARTINS LIMA                     RUA CAROLINA AMADO,1402,CASA 03         IRAJA          21361320RIO DE JANEIRO RJ0000000000000000                                        000                            
0010001300019P 010595600000000400378 0000000000000000000010 001131           0709201600000000006604100000 02A2608201610809201600000000000000000000000000000000000000000000000000000000000000000000000000000000000000000011312050000090000000000 
0010001300020Q 011000047901578653LILIANE CASSIA LIMA PINTO               AVENIDA RONDON - DE 2523 AO,2651,CASA 05ENGENHO NOVO?  20950311RIO DE JANEIRO RJ0000000000000000                                        000                            
0010001300021P 010595600000000400378 0000000000000000000010 001132           0710201600000000006604100000 02A2608201610810201600000000000000000000000000000000000000000000000000000000000000000000000000000000000000000011322050000090000000000 
0010001300022Q 011000047901578653LILIANE CASSIA LIMA PINTO               AVENIDA RONDON - DE 2523 AO,2651,CASA 05ENGENHO NOVO?  20950311RIO DE JANEIRO RJ0000000000000000                                        000                            
0010001300023P 010595600000000400378 0000000000000000000010 001133           0711201600000000006604100000 02A2608201610811201600000000000000000000000000000000000000000000000000000000000000000000000000000000000000000011332050000090000000000 
0010001300024Q 011000047901578653LILIANE CASSIA LIMA PINTO               AVENIDA RONDON - DE 2523 AO,2651,CASA 05ENGENHO NOVO?  20950311RIO DE JANEIRO RJ0000000000000000                                        000                            
0010001300025P 010595600000000400378 0000000000000000000010 001134           0709201600000000003219800000 02A2608201610809201600000000000000000000000000000000000000000000000000000000000000000000000000000000000000000011342050000090000000000 
0010001300026Q 011000008883621700GLAUCIMARY SILVA DOS SANTOS VELARDO     RUA NICOLAU CHEUEN,451                  CENTRO         25510310SAO JOAO DE MERRJ0000000000000000                                        000                            
0010001300027P 010595600000000400378 0000000000000000000010 001135           0710201600000000003219800000 02A2608201610810201600000000000000000000000000000000000000000000000000000000000000000000000000000000000000000011352050000090000000000 
0010001300028Q 011000008883621700GLAUCIMARY SILVA DOS SANTOS VELARDO     RUA NICOLAU CHEUEN,451                  CENTRO         25510310SAO JOAO DE MERRJ0000000000000000                                        000                            
0010001300029P 010595600000000400378 0000000000000000000010 001136           0711201600000000003219800000 02A2608201610811201600000000000000000000000000000000000000000000000000000000000000000000000000000000000000000011362050000090000000000 
0010001300030Q 011000008883621700GLAUCIMARY SILVA DOS SANTOS VELARDO     RUA NICOLAU CHEUEN,451                  CENTRO         25510310SAO JOAO DE MERRJ0000000000000000                                        000                            
0010001300031P 010595600000000400378 0000000000000000000010 001137           0709201600000000002705700000 02A2608201610809201600000000000000000000000000000000000000000000000000000000000000000000000000000000000000000011372050000090000000000 
0010001300032Q 011000009306346832RENATO GOULART                          RUA RONALD DE CARVALHO,253,AP 1202      COPACABANA     22021020RIO DE JANEIRO RJ0000000000000000                                        000                            
0010001300033P 010595600000000400378 0000000000000000000010 001138           0710201600000000002705700000 02A2608201610810201600000000000000000000000000000000000000000000000000000000000000000000000000000000000000000011382050000090000000000 
0010001300034Q 011000009306346832RENATO GOULART                          RUA RONALD DE CARVALHO,253,AP 1202      COPACABANA     22021020RIO DE JANEIRO RJ0000000000000000                                        000                            
0010001300035P 010595600000000400378 0000000000000000000010 001139           0711201600000000002705700000 02A2608201610811201600000000000000000000000000000000000000000000000000000000000000000000000000000000000000000011392050000090000000000 
0010001300036Q 011000009306346832RENATO GOULART                          RUA RONALD DE CARVALHO,253,AP 1202      COPACABANA     22021020RIO DE JANEIRO RJ0000000000000000                                        000                            
0010001300037P 010595600000000400378 0000000000000000000010 001140           0709201600000000004042300000 02A2608201610809201600000000000000000000000000000000000000000000000000000000000000000000000000000000000000000011402050000090000000000 
0010001300038Q 011000015975852706INGRED DOS SANTOS RODRIGUES             RUA MARIA JOSE,531,CASA 16              MADUREIRA      21341140RIO DE JANEIRO RJ0000000000000000                                        000                            
0010001300039P 010595600000000400378 0000000000000000000010 001141           0710201600000000004042300000 02A2608201610810201600000000000000000000000000000000000000000000000000000000000000000000000000000000000000000011412050000090000000000 
0010001300040Q 011000015975852706INGRED DOS SANTOS RODRIGUES             RUA MARIA JOSE,531,CASA 16              MADUREIRA      21341140RIO DE JANEIRO RJ0000000000000000                                        000                            
0010001300041P 010595600000000400378 0000000000000000000010 001142           0711201600000000004042300000 02A2608201610811201600000000000000000000000000000000000000000000000000000000000000000000000000000000000000000011422050000090000000000 
0010001300042Q 011000015975852706INGRED DOS SANTOS RODRIGUES             RUA MARIA JOSE,531,CASA 16              MADUREIRA      21341140RIO DE JANEIRO RJ0000000000000000                                        000                            
0010001300043P 010595600000000400378 0000000000000000000010 001143           0709201600000000001417400000 02A2608201610809201600000000000000000000000000000000000000000000000000000000000000000000000000000000000000000011432050000090000000000 
0010001300044Q 011000011524133760THIAGO DA SILVA NERY                    RUA SAO PAULO DE OLIVENCA,17,CASA       CAMPO GRANDE   23016120RIO DE JANEIRO RJ0000000000000000                                        000                            
0010001300045P 010595600000000400378 0000000000000000000010 001144           0710201600000000001417400000 02A2608201610810201600000000000000000000000000000000000000000000000000000000000000000000000000000000000000000011442050000090000000000 
0010001300046Q 011000011524133760THIAGO DA SILVA NERY                    RUA SAO PAULO DE OLIVENCA,17,CASA       CAMPO GRANDE   23016120RIO DE JANEIRO RJ0000000000000000                                        000                            
0010001300047P 010595600000000400378 0000000000000000000010 001145           0711201600000000001417400000 02A2608201610811201600000000000000000000000000000000000000000000000000000000000000000000000000000000000000000011452050000090000000000 
0010001300048Q 011000011524133760THIAGO DA SILVA NERY                    RUA SAO PAULO DE OLIVENCA,17,CASA       CAMPO GRANDE   23016120RIO DE JANEIRO RJ0000000000000000                                        000                            
0010001300049P 010595600000000400378 0000000000000000000010 001146           0709201600000000001897000000 02A2608201610809201600000000000000000000000000000000000000000000000000000000000000000000000000000000000000000011462050000090000000000 
0010001300050Q 011000002312907720ELIZABETH SEVERINA DO CARMO FIALHO      RUA PRATA,1225,CASA                     COELHO DA ROCHA25550560SAO JOAO DE MERRJ0000000000000000                                        000                            
0010001300051P 010595600000000400378 0000000000000000000010 001147           0710201600000000001897000000 02A2608201610810201600000000000000000000000000000000000000000000000000000000000000000000000000000000000000000011472050000090000000000 
0010001300052Q 011000002312907720ELIZABETH SEVERINA DO CARMO FIALHO      RUA PRATA,1225,CASA                     COELHO DA ROCHA25550560SAO JOAO DE MERRJ0000000000000000                                        000                            
0010001300053P 010595600000000400378 0000000000000000000010 001148           0711201600000000001897000000 02A2608201610811201600000000000000000000000000000000000000000000000000000000000000000000000000000000000000000011482050000090000000000 
0010001300054Q 011000002312907720ELIZABETH SEVERINA DO CARMO FIALHO      RUA PRATA,1225,CASA                     COELHO DA ROCHA25550560SAO JOAO DE MERRJ0000000000000000                                        000                            
00100015         000056                                                                                                                                                                                                                         
00199999         000001000058000000                                                                                                                                                                                                             