00100000         249938327000106002887755001411019  0595600000000400378 UBRASP                        BANCO DO BRASIL S.A.                    13005201613000600000000000000                                                                     
00100011R01  000 2049938327000106002887755001411019  0595600000000400378 UBRASP                                                                                                        000000000000000000000000                                 
0010001300001P 010595600000000400378 0000000000000000000010 00187            0706201600000000002350900000 02A0605201610806201600000000000000000000000000000000000000000000000000000000000000000000000000000000000000000001872050000090000000000 
0010001300002Q 011000008561126744GERUZA VIRGINIO SILVA                   RUA ARUTI,59,LOTE 4                     PRACA SECA     21321030RIO DE JANEIRO RJ0000000000000000                                        000                            
0010001300003P 010595600000000400378 0000000000000000000010 00231            0707201600000000002350900000 02A3005201610807201600000000000000000000000000000000000000000000000000000000000000000000000000000000000000000002312050000090000000000 
0010001300004Q 011000008561126744GERUZA VIRGINIO SILVA                   RUA ARUTI,59,LOTE 4                     PRACA SECA     21321030RIO DE JANEIRO RJ0000000000000000                                        000                            
0010001300005P 010595600000000400378 0000000000000000000010 00185            0706201600000000003702300000 02A0605201610806201600000000000000000000000000000000000000000000000000000000000000000000000000000000000000000001852050000090000000000 
0010001300006Q 011000003479535305MARIA DE JESUS SOUSA  SILVA             RUA BARAO DE MESQUI,164,BLOCO 01 AP 1106TIJUCA         20540006RIO DE JANEIRO RJ0000000000000000                                        000                            
0010001300007P 010595600000000400378 0000000000000000000010 00232            0707201600000000003702300000 02A3005201610807201600000000000000000000000000000000000000000000000000000000000000000000000000000000000000000002322050000090000000000 
0010001300008Q 011000003479535305MARIA DE JESUS SOUSA  SILVA             RUA BARAO DE MESQUI,164,BLOCO 01 AP 1106TIJUCA         20540006RIO DE JANEIRO RJ0000000000000000                                        000                            
0010001300009P 010595600000000400378 0000000000000000000010 00186            0706201600000000004756100000 02A0605201610806201600000000000000000000000000000000000000000000000000000000000000000000000000000000000000000001862050000090000000000 
0010001300010Q 011000091300533749EVANIA FERREIRA BOMFIM                  RUA VINTE ,00,LOTE 08                   PIRANEMA       23855000ITAGUAI        RJ0000000000000000                                        000                            
0010001300011P 010595600000000400378 0000000000000000000010 00233            0707201600000000004756100000 02A3005201610807201600000000000000000000000000000000000000000000000000000000000000000000000000000000000000000002332050000090000000000 
0010001300012Q 011000091300533749EVANIA FERREIRA BOMFIM                  RUA VINTE ,00,LOTE 08                   PIRANEMA       23855000ITAGUAI        RJ0000000000000000                                        000                            
0010001300013P 010595600000000400378 0000000000000000000010 00234            0706201600000000003219800000 02A3005201610806201600000000000000000000000000000000000000000000000000000000000000000000000000000000000000000002342050000090000000000 
0010001300014Q 011000086105949715SUSANA MENDES FERREIRA                  RUA URBANO DUARTE,00,LOTE 11 QUADRA 31  VILA ROSARIO   25042300DUQUE DE CAXIASRJ0000000000000000                                        000                            
0010001300015P 010595600000000400378 0000000000000000000010 00235            0707201600000000003219800000 02A3005201610807201600000000000000000000000000000000000000000000000000000000000000000000000000000000000000000002352050000090000000000 
0010001300016Q 011000086105949715SUSANA MENDES FERREIRA                  RUA URBANO DUARTE,00,LOTE 11 QUADRA 31  VILA ROSARIO   25042300DUQUE DE CAXIASRJ0000000000000000                                        000                            
0010001300017P 010595600000000400378 0000000000000000000010 00236            0706201600000000001270200000 02A3005201610806201600000000000000000000000000000000000000000000000000000000000000000000000000000000000000000002362050000090000000000 
0010001300018Q 011000015344484704YAGO BARRETO ROSSI ORLANDO              RUA DONA EUGENIA,41,CASA 1              ENGENHO DE DENT20755300RIO DE JANEIRO RJ0000000000000000                                        000                            
0010001300019P 010595600000000400378 0000000000000000000010 00237            0707201600000000001270200000 02A3005201610807201600000000000000000000000000000000000000000000000000000000000000000000000000000000000000000002372050000090000000000 
0010001300020Q 011000015344484704YAGO BARRETO ROSSI ORLANDO              RUA DONA EUGENIA,41,CASA 1              ENGENHO DE DENT20755300RIO DE JANEIRO RJ0000000000000000                                        000                            
0010001300021P 010595600000000400378 0000000000000000000010 00191            0706201600000000004556400000 02A1805201610806201600000000000000000000000000000000000000000000000000000000000000000000000000000000000000000001912050000090000000000 
0010001300022Q 011000093276389720CARLOS JOSE PINHEIRO SOARES             AVENIDA RIO BRANCO,116,21? ANDAR        CENTRO         20040001RIO DE JANEIRO RJ0000000000000000                                        000                            
0010001300023P 010595600000000400378 0000000000000000000010 00238            0707201600000000004556400000 02A3005201610807201600000000000000000000000000000000000000000000000000000000000000000000000000000000000000000002382050000090000000000 
0010001300024Q 011000093276389720CARLOS JOSE PINHEIRO SOARES             AVENIDA RIO BRANCO,116,21? ANDAR        CENTRO         20040001RIO DE JANEIRO RJ0000000000000000                                        000                            
0010001300025P 010595600000000400378 0000000000000000000010 00193            0706201600000000001631600000 02A2005201610806201600000000000000000000000000000000000000000000000000000000000000000000000000000000000000000001932050000090000000000 
0010001300026Q 011000019135069759MANUELLA EPIFANIO SILVA                 ESTRADA GENERAL AFO,00,LOTE 04 QUADRA 02PADRE MIGUEL   21725020RIO DE JANEIRO RJ0000000000000000                                        000                            
0010001300027P 010595600000000400378 0000000000000000000010 00239            0707201600000000001631600000 02A3005201610807201600000000000000000000000000000000000000000000000000000000000000000000000000000000000000000002392050000090000000000 
0010001300028Q 011000019135069759MANUELLA EPIFANIO SILVA                 ESTRADA GENERAL AFO,00,LOTE 04 QUADRA 02PADRE MIGUEL   21725020RIO DE JANEIRO RJ0000000000000000                                        000                            
0010001300029P 010595600000000400378 0000000000000000000010 00240            0706201600000000001270200000 02A3005201610806201600000000000000000000000000000000000000000000000000000000000000000000000000000000000000000002402050000090000000000 
0010001300030Q 011000018978167748EVELYN MIRANDA ROMAO FEITOSA            PRACA CRUZ VERMELHA,3                   CENTRO         20230130RIO DE JANEIRO RJ0000000000000000                                        000                            
0010001300031P 010595600000000400378 0000000000000000000010 00241            0707201600000000001270200000 02A3005201610807201600000000000000000000000000000000000000000000000000000000000000000000000000000000000000000002412050000090000000000 
0010001300032Q 011000018978167748EVELYN MIRANDA ROMAO FEITOSA            PRACA CRUZ VERMELHA,3                   CENTRO         20230130RIO DE JANEIRO RJ0000000000000000                                        000                            
0010001300033P 010595600000000400378 0000000000000000000010 00200            07062016000000001.5187600000 02A2405201610806201600000000000000000000000000000000000000000000000000000000000000000000000000000000000000000002002050000090000000000 
0010001300034Q 011000035003510772ALINE DE SAMPAIO FURTUOZO               ESTRADA MARECHAL MALLET,198,AP 201      MAGALHAES BASTO21745092RIO DE JANEIRO RJ0000000000000000                                        000                            
0010001300035P 010595600000000400378 0000000000000000000010 00242            07072016000000001.5187600000 02A3005201610807201600000000000000000000000000000000000000000000000000000000000000000000000000000000000000000002422050000090000000000 
0010001300036Q 011000035003510772ALINE DE SAMPAIO FURTUOZO               ESTRADA MARECHAL MALLET,198,AP 201      MAGALHAES BASTO21745092RIO DE JANEIRO RJ0000000000000000                                        000                            
0010001300037P 010595600000000400378 0000000000000000000010 00199            0706201600000000007593800000 02A2405201610806201600000000000000000000000000000000000000000000000000000000000000000000000000000000000000000001992050000090000000000 
0010001300038Q 011000029567467749MARIA EMILIA DE PINHO MENDES            RUA EUCLIDES DA ROCHA,618,101 FUNDOS    COPACABANA     22031100RIO DE JANEIRO RJ0000000000000000                                        000                            
0010001300039P 010595600000000400378 0000000000000000000010 00243            0707201600000000007593800000 02A3005201610807201600000000000000000000000000000000000000000000000000000000000000000000000000000000000000000002432050000090000000000 
0010001300040Q 011000029567467749MARIA EMILIA DE PINHO MENDES            RUA EUCLIDES DA ROCHA,618,101 FUNDOS    COPACABANA     22031100RIO DE JANEIRO RJ0000000000000000                                        000                            
0010001300041P 010595600000000400378 0000000000000000000010 00198            0706201600000000006604100000 02A2405201610806201600000000000000000000000000000000000000000000000000000000000000000000000000000000000000000001982050000090000000000 
0010001300042Q 011000034226656768JOSE CARLOS NESI SEIDEL                 RUA ARRUDA NEGREIRO,00,LOTE 15 QUADRA 16COELHO DA ROCHA25550200SAO JOAO DE MERRJ0000000000000000                                        000                            
0010001300043P 010595600000000400378 0000000000000000000010 00244            0707201600000000006604100000 02A3005201610807201600000000000000000000000000000000000000000000000000000000000000000000000000000000000000000002442050000090000000000 
0010001300044Q 011000034226656768JOSE CARLOS NESI SEIDEL                 RUA ARRUDA NEGREIRO,00,LOTE 15 QUADRA 16COELHO DA ROCHA25550200SAO JOAO DE MERRJ0000000000000000                                        000                            
0010001300045P 010595600000000400378 0000000000000000000010 00202            0706201600000000001649800000 02A2405201610806201600000000000000000000000000000000000000000000000000000000000000000000000000000000000000000002022050000090000000000 
0010001300046Q 011000007362539711PATRICIA DE CARVALHO BARBOSA            RUA TENENTE LUIS DORNELES,408           PENHA          21070300RIO DE JANEIRO RJ0000000000000000                                        000                            
0010001300047P 010595600000000400378 0000000000000000000010 00245            0707201600000000001649800000 02A3005201610807201600000000000000000000000000000000000000000000000000000000000000000000000000000000000000000002452050000090000000000 
0010001300048Q 011000007362539711PATRICIA DE CARVALHO BARBOSA            RUA TENENTE LUIS DORNELES,408           PENHA          21070300RIO DE JANEIRO RJ0000000000000000                                        000                            
0010001300049P 010595600000000400378 0000000000000000000010 00204            0706201600000000001601700000 02A2405201610806201600000000000000000000000000000000000000000000000000000000000000000000000000000000000000000002042050000090000000000 
0010001300050Q 011000008957766774MELISSA HERCULANO DE MORAES             RUA PEDRO ERNESTO,521,B AP 201          ENGENHO DO PORT25015290DUQUE DE CAXIASRJ0000000000000000                                        000                            
0010001300051P 010595600000000400378 0000000000000000000010 00246            0707201600000000001601700000 02A3005201610807201600000000000000000000000000000000000000000000000000000000000000000000000000000000000000000002462050000090000000000 
0010001300052Q 011000008957766774MELISSA HERCULANO DE MORAES             RUA PEDRO ERNESTO,521,B AP 201          ENGENHO DO PORT25015290DUQUE DE CAXIASRJ0000000000000000                                        000                            
0010001300053P 010595600000000400378 0000000000000000000010 00206            0706201600000000003626600000 02A2405201610806201600000000000000000000000000000000000000000000000000000000000000000000000000000000000000000002062050000090000000000 
0010001300054Q 011000005446999711LUANA DE ARAUJO LOPEZ PINHEIRO          RUA PAULO DE SOUSA REIS,46,ET 1/4 AP 504OSWALDO CRUZ   21340330RIO DE JANEIRO RJ0000000000000000                                        000                            
0010001300055P 010595600000000400378 0000000000000000000010 00247            0707201600000000003626600000 02A3005201610807201600000000000000000000000000000000000000000000000000000000000000000000000000000000000000000002472050000090000000000 
0010001300056Q 011000005446999711LUANA DE ARAUJO LOPEZ PINHEIRO          RUA PAULO DE SOUSA REIS,46,ET 1/4 AP 504OSWALDO CRUZ   21340330RIO DE JANEIRO RJ0000000000000000                                        000                            
0010001300057P 010595600000000400378 0000000000000000000010 00208            0706201600000000001104600000 02A2405201610806201600000000000000000000000000000000000000000000000000000000000000000000000000000000000000000002082050000090000000000 
0010001300058Q 011000006464860399NATALIA RABECHE DA SILVA LIMA           RUA JANSEN DE MELO,88,CASA 11           SAO CRISTOVAO  20920000RIO DE JANEIRO RJ0000000000000000                                        000                            
0010001300059P 010595600000000400378 0000000000000000000010 00248            0707201600000000001336600000 02A3005201610807201600000000000000000000000000000000000000000000000000000000000000000000000000000000000000000002482050000090000000000 
0010001300060Q 011000006464860399NATALIA RABECHE DA SILVA LIMA           RUA JANSEN DE MELO,88,CASA 11           SAO CRISTOVAO  20920000RIO DE JANEIRO RJ0000000000000000                                        000                            
0010001300061P 010595600000000400378 0000000000000000000010 00210            0706201600000000001613700000 02A2405201610806201600000000000000000000000000000000000000000000000000000000000000000000000000000000000000000002102050000090000000000 
0010001300062Q 011000013128028710JULIANA DE LIMA OLIVEIRA SOUZA          RUA JOSE KRE,00,BLOCO 01 AP 404 QUADRA UOLARIA         21073200RIO DE JANEIRO RJ0000000000000000                                        000                            
0010001300063P 010595600000000400378 0000000000000000000010 00249            0707201600000000001613700000 02A3005201610807201600000000000000000000000000000000000000000000000000000000000000000000000000000000000000000002492050000090000000000 
0010001300064Q 011000013128028710JULIANA DE LIMA OLIVEIRA SOUZA          RUA JOSE KRE,00,BLOCO 01 AP 404 QUADRA UOLARIA         21073200RIO DE JANEIRO RJ0000000000000000                                        000                            
0010001300065P 010595600000000400378 0000000000000000000010 00212            0706201600000000001601700000 02A2405201610806201600000000000000000000000000000000000000000000000000000000000000000000000000000000000000000002122050000090000000000 
0010001300066Q 011000007161537770PATRICIA BEZERRA DO NASCIMENTO          RUA PACHECO LEAO,1996,CASA 03           JARDIM BOTANICO22460030RIO DE JANEIRO RJ0000000000000000                                        000                            
0010001300067P 010595600000000400378 0000000000000000000010 00250            0707201600000000001601700000 02A3005201610807201600000000000000000000000000000000000000000000000000000000000000000000000000000000000000000002502050000090000000000 
0010001300068Q 011000007161537770PATRICIA BEZERRA DO NASCIMENTO          RUA PACHECO LEAO,1996,CASA 03           JARDIM BOTANICO22460030RIO DE JANEIRO RJ0000000000000000                                        000                            
0010001300069P 010595600000000400378 0000000000000000000010 00214            0706201600000000004153500000 02A2405201610806201600000000000000000000000000000000000000000000000000000000000000000000000000000000000000000002142050000090000000000 
0010001300070Q 011000074768336787JUCARA SILVA ESCOVEDO                   RUA MACABU,90,CASA 04                   COELHO NETO    21510540RIO DE JANEIRO RJ0000000000000000                                        000                            
0010001300071P 010595600000000400378 0000000000000000000010 00251            0707201600000000004153500000 02A3005201610807201600000000000000000000000000000000000000000000000000000000000000000000000000000000000000000002512050000090000000000 
0010001300072Q 011000074768336787JUCARA SILVA ESCOVEDO                   RUA MACABU,90,CASA 04                   COELHO NETO    21510540RIO DE JANEIRO RJ0000000000000000                                        000                            
0010001300073P 010595600000000400378 0000000000000000000010 00216            0706201600000000001897000000 02A2405201610806201600000000000000000000000000000000000000000000000000000000000000000000000000000000000000000002162050000090000000000 
0010001300074Q 011000003551738750MARCIA BERNARDES LERAISTRE MONTEIRO     RUA MARIO BARBEDO,124,CASA 05           VILA VALQUEIRE 21740010RIO DE JANEIRO RJ0000000000000000                                        000                            
0010001300075P 010595600000000400378 0000000000000000000010 00252            0707201600000000001897000000 02A3005201610807201600000000000000000000000000000000000000000000000000000000000000000000000000000000000000000002522050000090000000000 
0010001300076Q 011000003551738750MARCIA BERNARDES LERAISTRE MONTEIRO     RUA MARIO BARBEDO,124,CASA 05           VILA VALQUEIRE 21740010RIO DE JANEIRO RJ0000000000000000                                        000                            
0010001300077P 010595600000000400378 0000000000000000000010 00218            0706201600000000001270200000 02A2405201610806201600000000000000000000000000000000000000000000000000000000000000000000000000000000000000000002182050000090000000000 
0010001300078Q 011000019234998740CARLOS EDUARDO DE SOUZA JUNIOR          ESTRADA ROBERTO SILVEIRA,894,AP 101     CENTRO         26540030NILOPOLIS      RJ0000000000000000                                        000                            
0010001300079P 010595600000000400378 0000000000000000000010 00253            0707201600000000001270200000 02A3005201610807201600000000000000000000000000000000000000000000000000000000000000000000000000000000000000000002532050000090000000000 
0010001300080Q 011000019234998740CARLOS EDUARDO DE SOUZA JUNIOR          ESTRADA ROBERTO SILVEIRA,894,AP 101     CENTRO         26540030NILOPOLIS      RJ0000000000000000                                        000                            
0010001300081P 010595600000000400378 0000000000000000000010 00220            0706201600000000004091000000 02A2405201610806201600000000000000000000000000000000000000000000000000000000000000000000000000000000000000000002202050000090000000000 
0010001300082Q 011000002145905774KARLA DA CUZ ANNARUMMA                  RUA PAULO SILVA ARAUJO,21,201           MEIER          20735230RIO DE JANEIRO RJ0000000000000000                                        000                            
0010001300083P 010595600000000400378 0000000000000000000010 00254            0707201600000000004091000000 02A3005201610807201600000000000000000000000000000000000000000000000000000000000000000000000000000000000000000002542050000090000000000 
0010001300084Q 011000002145905774KARLA DA CUZ ANNARUMMA                  RUA PAULO SILVA ARAUJO,21,201           MEIER          20735230RIO DE JANEIRO RJ0000000000000000                                        000                            
0010001300085P 010595600000000400378 0000000000000000000010 00222            0706201600000000001649800000 02A2505201610806201600000000000000000000000000000000000000000000000000000000000000000000000000000000000000000002222050000090000000000 
0010001300086Q 011000007382253716ALEKSANDRE DA SILVA LINHARES            RUA JANDU,220,CASA                      OLARIA         21071480RIO DE JANEIRO RJ0000000000000000                                        000                            
0010001300087P 010595600000000400378 0000000000000000000010 00255            0707201600000000001649800000 02A3005201610807201600000000000000000000000000000000000000000000000000000000000000000000000000000000000000000002552050000090000000000 
0010001300088Q 011000007382253716ALEKSANDRE DA SILVA LINHARES            RUA JANDU,220,CASA                      OLARIA         21071480RIO DE JANEIRO RJ0000000000000000                                        000                            
0010001300089P 010595600000000400378 0000000000000000000010 00224            0706201600000000001601700000 02A2705201610806201600000000000000000000000000000000000000000000000000000000000000000000000000000000000000000002242050000090000000000 
0010001300090Q 011000005249816711GIZELI CORREA DOS SANTOS FERREIRA DE LIMRUA VIRGILIO FILHO,221                  COSTA BARROS   21532180RIO DE JANEIRO RJ0000000000000000                                        000                            
0010001300091P 010595600000000400378 0000000000000000000010 00256            0707201600000000001601700000 02A3005201610807201600000000000000000000000000000000000000000000000000000000000000000000000000000000000000000002562050000090000000000 
0010001300092Q 011000005249816711GIZELI CORREA DOS SANTOS FERREIRA DE LIMRUA VIRGILIO FILHO,221                  COSTA BARROS   21532180RIO DE JANEIRO RJ0000000000000000                                        000                            
0010001300093P 010595600000000400378 0000000000000000000010 00226            0706201600000000001104600000 02A2705201610806201600000000000000000000000000000000000000000000000000000000000000000000000000000000000000000002262050000090000000000 
0010001300094Q 011000019016136746ARTHUR EMANUEL DE OLIVEIRA PIRES        TRAVESSA REGIS,4                        PARQUE ANALANDI25586027SAO JOAO DE MERRJ0000000000000000                                        000                            
0010001300095P 010595600000000400378 0000000000000000000010 00257            0707201600000000001104600000 02A3005201610807201600000000000000000000000000000000000000000000000000000000000000000000000000000000000000000002572050000090000000000 
0010001300096Q 011000019016136746ARTHUR EMANUEL DE OLIVEIRA PIRES        TRAVESSA REGIS,4                        PARQUE ANALANDI25586027SAO JOAO DE MERRJ0000000000000000                                        000                            
0010001300097P 010595600000000400378 0000000000000000000010 00228            0706201600000000007593800000 02A2705201610806201600000000000000000000000000000000000000000000000000000000000000000000000000000000000000000002282050000090000000000 
0010001300098Q 011000035677554715MARIA JOSE MARTINS                      RUA PAPOULAS,62                         RETIRO?        25680620PETROPOLIS     RJ0000000000000000                                        000                            
0010001300099P 010595600000000400378 0000000000000000000010 00258            0707201600000000007593800000 02A3005201610807201600000000000000000000000000000000000000000000000000000000000000000000000000000000000000000002582050000090000000000 
0010001300100Q 011000035677554715MARIA JOSE MARTINS                      RUA PAPOULAS,62                         RETIRO?        25680620PETROPOLIS     RJ0000000000000000                                        000                            
0010001300101P 010595600000000400378 0000000000000000000010 00230            0706201600000000001417400000 02A2705201610806201600000000000000000000000000000000000000000000000000000000000000000000000000000000000000000002302050000090000000000 
0010001300102Q 011000012518758747NATALIA DE AMORIM STEINER TONA          RUA A,00,LOTE 10 QUADRA 01              CAMPO GRANDE   23076460RIO DE JANEIRO RJ0000000000000000                                        000                            
0010001300103P 010595600000000400378 0000000000000000000010 00259            0707201600000000001417400000 02A3005201610807201600000000000000000000000000000000000000000000000000000000000000000000000000000000000000000002592050000090000000000 
0010001300104Q 011000012518758747NATALIA DE AMORIM STEINER TONA          RUA A,00,LOTE 10 QUADRA 01              CAMPO GRANDE   23076460RIO DE JANEIRO RJ0000000000000000                                        000                            
00100015         000106                                                                                                                                                                                                                         
00199999         000001000108000000                                                                                                                                                                                                             