00100000         249938327000106002887755001411019  0595600000000400378 UBRASP                        BANCO DO BRASIL S.A.                    13006201613032000000000000000                                                                     
00100011R01  000 2049938327000106002887755001411019  0595600000000400378 UBRASP                                                                                                        000000000000000000000000                                 
0010001300001P 010595600000000400378 0000000000000000000010 00597            0707201600000000006604100000 02A3006201610807201600000000000000000000000000000000000000000000000000000000000000000000000000000000000000000005972050000090000000000 
0010001300002Q 011000037141589791JOSE LUIZ DE OLIVEIRA BRILHANTE         ESTRADA DOS BANDEIR,8041,BLOCO 01 AP 703JACAREPAGUA    22783115RIO DE JANEIRO RJ0000000000000000                                        000                            
0010001300003P 010595600000000400378 0000000000000000000010 00598            0708201600000000006604100000 02A3006201610808201600000000000000000000000000000000000000000000000000000000000000000000000000000000000000000005982050000090000000000 
0010001300004Q 011000037141589791JOSE LUIZ DE OLIVEIRA BRILHANTE         ESTRADA DOS BANDEIR,8041,BLOCO 01 AP 703JACAREPAGUA    22783115RIO DE JANEIRO RJ0000000000000000                                        000                            
0010001300005P 010595600000000400378 0000000000000000000010 00599            0709201600000000006604100000 02A3006201610809201600000000000000000000000000000000000000000000000000000000000000000000000000000000000000000005992050000090000000000 
0010001300006Q 011000037141589791JOSE LUIZ DE OLIVEIRA BRILHANTE         ESTRADA DOS BANDEIR,8041,BLOCO 01 AP 703JACAREPAGUA    22783115RIO DE JANEIRO RJ0000000000000000                                        000                            
0010001300007P 010595600000000400378 0000000000000000000010 00600            0710201600000000006604100000 02A3006201610810201600000000000000000000000000000000000000000000000000000000000000000000000000000000000000000006002050000090000000000 
0010001300008Q 011000037141589791JOSE LUIZ DE OLIVEIRA BRILHANTE         ESTRADA DOS BANDEIR,8041,BLOCO 01 AP 703JACAREPAGUA    22783115RIO DE JANEIRO RJ0000000000000000                                        000                            
0010001300009P 010595600000000400378 0000000000000000000010 00601            0711201600000000006604100000 02A3006201610811201600000000000000000000000000000000000000000000000000000000000000000000000000000000000000000006012050000090000000000 
0010001300010Q 011000037141589791JOSE LUIZ DE OLIVEIRA BRILHANTE         ESTRADA DOS BANDEIR,8041,BLOCO 01 AP 703JACAREPAGUA    22783115RIO DE JANEIRO RJ0000000000000000                                        000                            
0010001300011P 010595600000000400378 0000000000000000000010 00602            0712201600000000006604100000 02A3006201610812201600000000000000000000000000000000000000000000000000000000000000000000000000000000000000000006022050000090000000000 
0010001300012Q 011000037141589791JOSE LUIZ DE OLIVEIRA BRILHANTE         ESTRADA DOS BANDEIR,8041,BLOCO 01 AP 703JACAREPAGUA    22783115RIO DE JANEIRO RJ0000000000000000                                        000                            
0010001300013P 010595600000000400378 0000000000000000000010 00603            0707201600000000002073000000 02A3006201610807201600000000000000000000000000000000000000000000000000000000000000000000000000000000000000000006032050000090000000000 
0010001300014Q 011000011832280748YASMIN LOURENCO CAMPOS DE MIRANDA SA    RUA BARATA RIBEIRO ,672,AP 804          COPACABANA?    22051002RIO DE JANEIRO RJ0000000000000000                                        000                            
0010001300015P 010595600000000400378 0000000000000000000010 00604            0708201600000000002073000000 02A3006201610808201600000000000000000000000000000000000000000000000000000000000000000000000000000000000000000006042050000090000000000 
0010001300016Q 011000011832280748YASMIN LOURENCO CAMPOS DE MIRANDA SA    RUA BARATA RIBEIRO ,672,AP 804          COPACABANA?    22051002RIO DE JANEIRO RJ0000000000000000                                        000                            
0010001300017P 010595600000000400378 0000000000000000000010 00605            0709201600000000002073000000 02A3006201610809201600000000000000000000000000000000000000000000000000000000000000000000000000000000000000000006052050000090000000000 
0010001300018Q 011000011832280748YASMIN LOURENCO CAMPOS DE MIRANDA SA    RUA BARATA RIBEIRO ,672,AP 804          COPACABANA?    22051002RIO DE JANEIRO RJ0000000000000000                                        000                            
0010001300019P 010595600000000400378 0000000000000000000010 00606            0710201600000000002073000000 02A3006201610810201600000000000000000000000000000000000000000000000000000000000000000000000000000000000000000006062050000090000000000 
0010001300020Q 011000011832280748YASMIN LOURENCO CAMPOS DE MIRANDA SA    RUA BARATA RIBEIRO ,672,AP 804          COPACABANA?    22051002RIO DE JANEIRO RJ0000000000000000                                        000                            
0010001300021P 010595600000000400378 0000000000000000000010 00607            0711201600000000002073000000 02A3006201610811201600000000000000000000000000000000000000000000000000000000000000000000000000000000000000000006072050000090000000000 
0010001300022Q 011000011832280748YASMIN LOURENCO CAMPOS DE MIRANDA SA    RUA BARATA RIBEIRO ,672,AP 804          COPACABANA?    22051002RIO DE JANEIRO RJ0000000000000000                                        000                            
0010001300023P 010595600000000400378 0000000000000000000010 00608            0712201600000000002073000000 02A3006201610812201600000000000000000000000000000000000000000000000000000000000000000000000000000000000000000006082050000090000000000 
0010001300024Q 011000011832280748YASMIN LOURENCO CAMPOS DE MIRANDA SA    RUA BARATA RIBEIRO ,672,AP 804          COPACABANA?    22051002RIO DE JANEIRO RJ0000000000000000                                        000                            
0010001300025P 010595600000000400378 0000000000000000000010 00609            0707201600000000006604100000 02A3006201610807201600000000000000000000000000000000000000000000000000000000000000000000000000000000000000000006092050000090000000000 
0010001300026Q 011000055050247772CARLOS ARDUINI                          AVENIDA OLIVEIRA BELO,408               VILA DA PENHA  21221300RIO DE JANEIRO RJ0000000000000000                                        000                            
0010001300027P 010595600000000400378 0000000000000000000010 00610            0708201600000000006604100000 02A3006201610808201600000000000000000000000000000000000000000000000000000000000000000000000000000000000000000006102050000090000000000 
0010001300028Q 011000055050247772CARLOS ARDUINI                          AVENIDA OLIVEIRA BELO,408               VILA DA PENHA  21221300RIO DE JANEIRO RJ0000000000000000                                        000                            
0010001300029P 010595600000000400378 0000000000000000000010 00611            0709201600000000006604100000 02A3006201610809201600000000000000000000000000000000000000000000000000000000000000000000000000000000000000000006112050000090000000000 
0010001300030Q 011000055050247772CARLOS ARDUINI                          AVENIDA OLIVEIRA BELO,408               VILA DA PENHA  21221300RIO DE JANEIRO RJ0000000000000000                                        000                            
0010001300031P 010595600000000400378 0000000000000000000010 00612            0710201600000000006604100000 02A3006201610810201600000000000000000000000000000000000000000000000000000000000000000000000000000000000000000006122050000090000000000 
0010001300032Q 011000055050247772CARLOS ARDUINI                          AVENIDA OLIVEIRA BELO,408               VILA DA PENHA  21221300RIO DE JANEIRO RJ0000000000000000                                        000                            
0010001300033P 010595600000000400378 0000000000000000000010 00613            0711201600000000006604100000 02A3006201610811201600000000000000000000000000000000000000000000000000000000000000000000000000000000000000000006132050000090000000000 
0010001300034Q 011000055050247772CARLOS ARDUINI                          AVENIDA OLIVEIRA BELO,408               VILA DA PENHA  21221300RIO DE JANEIRO RJ0000000000000000                                        000                            
0010001300035P 010595600000000400378 0000000000000000000010 00614            0712201600000000006604100000 02A3006201610812201600000000000000000000000000000000000000000000000000000000000000000000000000000000000000000006142050000090000000000 
0010001300036Q 011000055050247772CARLOS ARDUINI                          AVENIDA OLIVEIRA BELO,408               VILA DA PENHA  21221300RIO DE JANEIRO RJ0000000000000000                                        000                            
0010001300037P 010595600000000400378 0000000000000000000010 00615            0707201600000000001631600000 02A3006201610807201600000000000000000000000000000000000000000000000000000000000000000000000000000000000000000006152050000090000000000 
0010001300038Q 011000015178503716DAVI RODRIGUES DIAS                     RUA - DE 262 A 380 -,380,BLOCO C  AP 311TIJUCA?        20510052RIO DE JANEIRO RJ0000000000000000                                        000                            
0010001300039P 010595600000000400378 0000000000000000000010 00616            0708201600000000001631600000 02A3006201610808201600000000000000000000000000000000000000000000000000000000000000000000000000000000000000000006162050000090000000000 
0010001300040Q 011000015178503716DAVI RODRIGUES DIAS                     RUA - DE 262 A 380 -,380,BLOCO C  AP 311TIJUCA?        20510052RIO DE JANEIRO RJ0000000000000000                                        000                            
0010001300041P 010595600000000400378 0000000000000000000010 00617            0709201600000000001631600000 02A3006201610809201600000000000000000000000000000000000000000000000000000000000000000000000000000000000000000006172050000090000000000 
0010001300042Q 011000015178503716DAVI RODRIGUES DIAS                     RUA - DE 262 A 380 -,380,BLOCO C  AP 311TIJUCA?        20510052RIO DE JANEIRO RJ0000000000000000                                        000                            
0010001300043P 010595600000000400378 0000000000000000000010 00618            0710201600000000001631600000 02A3006201610810201600000000000000000000000000000000000000000000000000000000000000000000000000000000000000000006182050000090000000000 
0010001300044Q 011000015178503716DAVI RODRIGUES DIAS                     RUA - DE 262 A 380 -,380,BLOCO C  AP 311TIJUCA?        20510052RIO DE JANEIRO RJ0000000000000000                                        000                            
0010001300045P 010595600000000400378 0000000000000000000010 00619            0711201600000000001631600000 02A3006201610811201600000000000000000000000000000000000000000000000000000000000000000000000000000000000000000006192050000090000000000 
0010001300046Q 011000015178503716DAVI RODRIGUES DIAS                     RUA - DE 262 A 380 -,380,BLOCO C  AP 311TIJUCA?        20510052RIO DE JANEIRO RJ0000000000000000                                        000                            
0010001300047P 010595600000000400378 0000000000000000000010 00620            0712201600000000001631600000 02A3006201610812201600000000000000000000000000000000000000000000000000000000000000000000000000000000000000000006202050000090000000000 
0010001300048Q 011000015178503716DAVI RODRIGUES DIAS                     RUA - DE 262 A 380 -,380,BLOCO C  AP 311TIJUCA?        20510052RIO DE JANEIRO RJ0000000000000000                                        000                            
0010001300049P 010595600000000400378 0000000000000000000010 00621            0707201600000000002209200000 02A3006201610807201600000000000000000000000000000000000000000000000000000000000000000000000000000000000000000006212050000090000000000 
0010001300050Q 011000014814525761ANDERSON FELIPE DE SOUSA PIRES          RUA DO CAJA,924,AP 201                  PENHA          21070000RIO DE JANEIRO RJ0000000000000000                                        000                            
0010001300051P 010595600000000400378 0000000000000000000010 00622            0708201600000000002209200000 02A3006201610808201600000000000000000000000000000000000000000000000000000000000000000000000000000000000000000006222050000090000000000 
0010001300052Q 011000014814525761ANDERSON FELIPE DE SOUSA PIRES          RUA DO CAJA,924,AP 201                  PENHA          21070000RIO DE JANEIRO RJ0000000000000000                                        000                            
0010001300053P 010595600000000400378 0000000000000000000010 00623            0709201600000000002209200000 02A3006201610809201600000000000000000000000000000000000000000000000000000000000000000000000000000000000000000006232050000090000000000 
0010001300054Q 011000014814525761ANDERSON FELIPE DE SOUSA PIRES          RUA DO CAJA,924,AP 201                  PENHA          21070000RIO DE JANEIRO RJ0000000000000000                                        000                            
0010001300055P 010595600000000400378 0000000000000000000010 00624            0710201600000000002209200000 02A3006201610810201600000000000000000000000000000000000000000000000000000000000000000000000000000000000000000006242050000090000000000 
0010001300056Q 011000014814525761ANDERSON FELIPE DE SOUSA PIRES          RUA DO CAJA,924,AP 201                  PENHA          21070000RIO DE JANEIRO RJ0000000000000000                                        000                            
0010001300057P 010595600000000400378 0000000000000000000010 00625            0711201600000000002209200000 02A3006201610811201600000000000000000000000000000000000000000000000000000000000000000000000000000000000000000006252050000090000000000 
0010001300058Q 011000014814525761ANDERSON FELIPE DE SOUSA PIRES          RUA DO CAJA,924,AP 201                  PENHA          21070000RIO DE JANEIRO RJ0000000000000000                                        000                            
0010001300059P 010595600000000400378 0000000000000000000010 00626            0712201600000000002209200000 02A3006201610812201600000000000000000000000000000000000000000000000000000000000000000000000000000000000000000006262050000090000000000 
0010001300060Q 011000014814525761ANDERSON FELIPE DE SOUSA PIRES          RUA DO CAJA,924,AP 201                  PENHA          21070000RIO DE JANEIRO RJ0000000000000000                                        000                            
0010001300061P 010595600000000400378 0000000000000000000010 00627            0707201600000000004153500000 02A3006201610807201600000000000000000000000000000000000000000000000000000000000000000000000000000000000000000006272050000090000000000 
0010001300062Q 011000070412308720ELIZABETH CORTES DOS ANJOS              RUA DOUTOR XAVIER SI,215,CASA 96 FUNDOS URCA           22290180RIO DE JANEIRO RJ0000000000000000                                        000                            
0010001300063P 010595600000000400378 0000000000000000000010 00628            0708201600000000004153500000 02A3006201610808201600000000000000000000000000000000000000000000000000000000000000000000000000000000000000000006282050000090000000000 
0010001300064Q 011000070412308720ELIZABETH CORTES DOS ANJOS              RUA DOUTOR XAVIER SI,215,CASA 96 FUNDOS URCA           22290180RIO DE JANEIRO RJ0000000000000000                                        000                            
0010001300065P 010595600000000400378 0000000000000000000010 00629            0709201600000000004153500000 02A3006201610809201600000000000000000000000000000000000000000000000000000000000000000000000000000000000000000006292050000090000000000 
0010001300066Q 011000070412308720ELIZABETH CORTES DOS ANJOS              RUA DOUTOR XAVIER SI,215,CASA 96 FUNDOS URCA           22290180RIO DE JANEIRO RJ0000000000000000                                        000                            
0010001300067P 010595600000000400378 0000000000000000000010 00630            0710201600000000004153500000 02A3006201610810201600000000000000000000000000000000000000000000000000000000000000000000000000000000000000000006302050000090000000000 
0010001300068Q 011000070412308720ELIZABETH CORTES DOS ANJOS              RUA DOUTOR XAVIER SI,215,CASA 96 FUNDOS URCA           22290180RIO DE JANEIRO RJ0000000000000000                                        000                            
0010001300069P 010595600000000400378 0000000000000000000010 00631            0711201600000000004153500000 02A3006201610811201600000000000000000000000000000000000000000000000000000000000000000000000000000000000000000006312050000090000000000 
0010001300070Q 011000070412308720ELIZABETH CORTES DOS ANJOS              RUA DOUTOR XAVIER SI,215,CASA 96 FUNDOS URCA           22290180RIO DE JANEIRO RJ0000000000000000                                        000                            
0010001300071P 010595600000000400378 0000000000000000000010 00632            0712201600000000004153500000 02A3006201610812201600000000000000000000000000000000000000000000000000000000000000000000000000000000000000000006322050000090000000000 
0010001300072Q 011000070412308720ELIZABETH CORTES DOS ANJOS              RUA DOUTOR XAVIER SI,215,CASA 96 FUNDOS URCA           22290180RIO DE JANEIRO RJ0000000000000000                                        000                            
0010001300073P 010595600000000400378 0000000000000000000010 00633            0707201600000000001601700000 02A3006201610807201600000000000000000000000000000000000000000000000000000000000000000000000000000000000000000006332050000090000000000 
0010001300074Q 011000010804436738OLENDA PEREIRA DA SILVA                 RUA PEDRO TELES,931,AP 101              VILA ROSALI    25510271SAO JOAO DE MERRJ0000000000000000                                        000                            
0010001300075P 010595600000000400378 0000000000000000000010 00634            0708201600000000001601700000 02A3006201610808201600000000000000000000000000000000000000000000000000000000000000000000000000000000000000000006342050000090000000000 
0010001300076Q 011000010804436738OLENDA PEREIRA DA SILVA                 RUA PEDRO TELES,931,AP 101              VILA ROSALI    25510271SAO JOAO DE MERRJ0000000000000000                                        000                            
0010001300077P 010595600000000400378 0000000000000000000010 00635            0709201600000000001601700000 02A3006201610809201600000000000000000000000000000000000000000000000000000000000000000000000000000000000000000006352050000090000000000 
0010001300078Q 011000010804436738OLENDA PEREIRA DA SILVA                 RUA PEDRO TELES,931,AP 101              VILA ROSALI    25510271SAO JOAO DE MERRJ0000000000000000                                        000                            
0010001300079P 010595600000000400378 0000000000000000000010 00636            0710201600000000001601700000 02A3006201610810201600000000000000000000000000000000000000000000000000000000000000000000000000000000000000000006362050000090000000000 
0010001300080Q 011000010804436738OLENDA PEREIRA DA SILVA                 RUA PEDRO TELES,931,AP 101              VILA ROSALI    25510271SAO JOAO DE MERRJ0000000000000000                                        000                            
0010001300081P 010595600000000400378 0000000000000000000010 00637            0711201600000000001601700000 02A3006201610811201600000000000000000000000000000000000000000000000000000000000000000000000000000000000000000006372050000090000000000 
0010001300082Q 011000010804436738OLENDA PEREIRA DA SILVA                 RUA PEDRO TELES,931,AP 101              VILA ROSALI    25510271SAO JOAO DE MERRJ0000000000000000                                        000                            
0010001300083P 010595600000000400378 0000000000000000000010 00638            0712201600000000001601700000 02A3006201610812201600000000000000000000000000000000000000000000000000000000000000000000000000000000000000000006382050000090000000000 
0010001300084Q 011000010804436738OLENDA PEREIRA DA SILVA                 RUA PEDRO TELES,931,AP 101              VILA ROSALI    25510271SAO JOAO DE MERRJ0000000000000000                                        000                            
0010001300085P 010595600000000400378 0000000000000000000010 00639            0707201600000000001649800000 02A3006201610807201600000000000000000000000000000000000000000000000000000000000000000000000000000000000000000006392050000090000000000 
0010001300086Q 011000002845599706FABIANA VIEIRA DA SILVA                 RUA FERNANDES DA CUNHA,470,AP 203       VIGARIO GERAL  21241300RIO DE JANEIRO RJ0000000000000000                                        000                            
0010001300087P 010595600000000400378 0000000000000000000010 00640            0708201600000000001649800000 02A3006201610808201600000000000000000000000000000000000000000000000000000000000000000000000000000000000000000006402050000090000000000 
0010001300088Q 011000002845599706FABIANA VIEIRA DA SILVA                 RUA FERNANDES DA CUNHA,470,AP 203       VIGARIO GERAL  21241300RIO DE JANEIRO RJ0000000000000000                                        000                            
0010001300089P 010595600000000400378 0000000000000000000010 00641            0709201600000000001649800000 02A3006201610809201600000000000000000000000000000000000000000000000000000000000000000000000000000000000000000006412050000090000000000 
0010001300090Q 011000002845599706FABIANA VIEIRA DA SILVA                 RUA FERNANDES DA CUNHA,470,AP 203       VIGARIO GERAL  21241300RIO DE JANEIRO RJ0000000000000000                                        000                            
0010001300091P 010595600000000400378 0000000000000000000010 00642            0710201600000000001649800000 02A3006201610810201600000000000000000000000000000000000000000000000000000000000000000000000000000000000000000006422050000090000000000 
0010001300092Q 011000002845599706FABIANA VIEIRA DA SILVA                 RUA FERNANDES DA CUNHA,470,AP 203       VIGARIO GERAL  21241300RIO DE JANEIRO RJ0000000000000000                                        000                            
0010001300093P 010595600000000400378 0000000000000000000010 00643            0711201600000000001649800000 02A3006201610811201600000000000000000000000000000000000000000000000000000000000000000000000000000000000000000006432050000090000000000 
0010001300094Q 011000002845599706FABIANA VIEIRA DA SILVA                 RUA FERNANDES DA CUNHA,470,AP 203       VIGARIO GERAL  21241300RIO DE JANEIRO RJ0000000000000000                                        000                            
0010001300095P 010595600000000400378 0000000000000000000010 00644            0712201600000000001649800000 02A3006201610812201600000000000000000000000000000000000000000000000000000000000000000000000000000000000000000006442050000090000000000 
0010001300096Q 011000002845599706FABIANA VIEIRA DA SILVA                 RUA FERNANDES DA CUNHA,470,AP 203       VIGARIO GERAL  21241300RIO DE JANEIRO RJ0000000000000000                                        000                            
0010001300097P 010595600000000400378 0000000000000000000010 00645            0707201600000000001336600000 02A3006201610807201600000000000000000000000000000000000000000000000000000000000000000000000000000000000000000006452050000090000000000 
0010001300098Q 011000014044808708DIEGO VIEIRA DA SILVA                   RUA FERNANDES DA CUNHA,470,AP 203       VIGARIO GERAL  21241300RIO DE JANEIRO RJ0000000000000000                                        000                            
0010001300099P 010595600000000400378 0000000000000000000010 00646            0708201600000000001336600000 02A3006201610808201600000000000000000000000000000000000000000000000000000000000000000000000000000000000000000006462050000090000000000 
0010001300100Q 011000014044808708DIEGO VIEIRA DA SILVA                   RUA FERNANDES DA CUNHA,470,AP 203       VIGARIO GERAL  21241300RIO DE JANEIRO RJ0000000000000000                                        000                            
0010001300101P 010595600000000400378 0000000000000000000010 00647            0709201600000000001336600000 02A3006201610809201600000000000000000000000000000000000000000000000000000000000000000000000000000000000000000006472050000090000000000 
0010001300102Q 011000014044808708DIEGO VIEIRA DA SILVA                   RUA FERNANDES DA CUNHA,470,AP 203       VIGARIO GERAL  21241300RIO DE JANEIRO RJ0000000000000000                                        000                            
0010001300103P 010595600000000400378 0000000000000000000010 00648            0710201600000000001336600000 02A3006201610810201600000000000000000000000000000000000000000000000000000000000000000000000000000000000000000006482050000090000000000 
0010001300104Q 011000014044808708DIEGO VIEIRA DA SILVA                   RUA FERNANDES DA CUNHA,470,AP 203       VIGARIO GERAL  21241300RIO DE JANEIRO RJ0000000000000000                                        000                            
0010001300105P 010595600000000400378 0000000000000000000010 00649            0711201600000000001336600000 02A3006201610811201600000000000000000000000000000000000000000000000000000000000000000000000000000000000000000006492050000090000000000 
0010001300106Q 011000014044808708DIEGO VIEIRA DA SILVA                   RUA FERNANDES DA CUNHA,470,AP 203       VIGARIO GERAL  21241300RIO DE JANEIRO RJ0000000000000000                                        000                            
0010001300107P 010595600000000400378 0000000000000000000010 00650            0712201600000000001403400000 02A3006201610812201600000000000000000000000000000000000000000000000000000000000000000000000000000000000000000006502050000090000000000 
0010001300108Q 011000014044808708DIEGO VIEIRA DA SILVA                   RUA FERNANDES DA CUNHA,470,AP 203       VIGARIO GERAL  21241300RIO DE JANEIRO RJ0000000000000000                                        000                            
0010001300109P 010595600000000400378 0000000000000000000010 00596            0707201600000000001336600000 02A2706201610807201600000000000000000000000000000000000000000000000000000000000000000000000000000000000000000005962050000090000000000 
0010001300110Q 011000012275089721CAROL VITORINO FERREIRA LOPES BRAGA     RUA AMARUI,390                          PARQUE SANTA AM26115240BELFORD ROXO   RJ0000000000000000                                        000                            
0010001300111P 010595600000000400378 0000000000000000000010 00651            0708201600000000001336600000 02A3006201610808201600000000000000000000000000000000000000000000000000000000000000000000000000000000000000000006512050000090000000000 
0010001300112Q 011000012275089721CAROL VITORINO FERREIRA LOPES BRAGA     RUA AMARUI,390                          PARQUE SANTA AM26115240BELFORD ROXO   RJ0000000000000000                                        000                            
0010001300113P 010595600000000400378 0000000000000000000010 00652            0709201600000000001336600000 02A3006201610809201600000000000000000000000000000000000000000000000000000000000000000000000000000000000000000006522050000090000000000 
0010001300114Q 011000012275089721CAROL VITORINO FERREIRA LOPES BRAGA     RUA AMARUI,390                          PARQUE SANTA AM26115240BELFORD ROXO   RJ0000000000000000                                        000                            
0010001300115P 010595600000000400378 0000000000000000000010 00653            0710201600000000001336600000 02A3006201610810201600000000000000000000000000000000000000000000000000000000000000000000000000000000000000000006532050000090000000000 
0010001300116Q 011000012275089721CAROL VITORINO FERREIRA LOPES BRAGA     RUA AMARUI,390                          PARQUE SANTA AM26115240BELFORD ROXO   RJ0000000000000000                                        000                            
0010001300117P 010595600000000400378 0000000000000000000010 00654            0711201600000000001336600000 02A3006201610811201600000000000000000000000000000000000000000000000000000000000000000000000000000000000000000006542050000090000000000 
0010001300118Q 011000012275089721CAROL VITORINO FERREIRA LOPES BRAGA     RUA AMARUI,390                          PARQUE SANTA AM26115240BELFORD ROXO   RJ0000000000000000                                        000                            
0010001300119P 010595600000000400378 0000000000000000000010 00655            0712201600000000001336600000 02A3006201610812201600000000000000000000000000000000000000000000000000000000000000000000000000000000000000000006552050000090000000000 
0010001300120Q 011000012275089721CAROL VITORINO FERREIRA LOPES BRAGA     RUA AMARUI,390                          PARQUE SANTA AM26115240BELFORD ROXO   RJ0000000000000000                                        000                            
00100015         000122                                                                                                                                                                                                                         
00199999         000001000124000000                                                                                                                                                                                                             