00100000         249938327000106002887755001411019  0595600000000400378 UBRASP                        BANCO DO BRASIL S.A.                    10112201614531500000000000000                                                                     
00100011R01  000 2049938327000106002887755001411019  0595600000000400378 UBRASP                                                                                                        000000000000000000000000                                 
0010001300001P 010595600000000400378 28877550000003473   10 003473           0712201600000000009347400000 02A0112201610812201600000000000000000000000000000000000000000000000000000000000000000000000000000000000000000034733000000090000000000 
0010001300002Q 011000036287598700ANTONIO FERREIRA DIAS                   RUA ESTER CORREIA,20,AP 208             QUINTINO BOCAIU21381440RIO DE JANEIRO RJ0000000000000000                                        000                            
0010001300003P 010595600000000400378 28877550000003474   10 003474           0712201600000000005738400000 02A0112201610812201600000000000000000000000000000000000000000000000000000000000000000000000000000000000000000034743000000090000000000 
0010001300004Q 011000036991538787MARIA ISABEL DE MENDONCA                RUA ALMEIDA JUNIOR,39,AP 101            DEL CASTILHO   20771610RIO DE JANEIRO RJ0000000000000000                                        000                            
0010001300005P 010595600000000400378 28877550000003475   10 003475           0712201600000000002797600000 02A0112201610812201600000000000000000000000000000000000000000000000000000000000000000000000000000000000000000034753000000090000000000 
0010001300006Q 011000092267556715ELIZA HELENA DAMAS DA COSTA             RUA CARUMBE,246,CASA 17                 REALENGO       21755140RIO DE JANEIRO RJ0000000000000000                                        000                            
0010001300007P 010595600000000400378 28877550000003476   10 003476           0712201600000000002783600000 02A0112201610812201600000000000000000000000000000000000000000000000000000000000000000000000000000000000000000034763000000090000000000 
0010001300008Q 011000011269193732VANESSA ANDRADE DE BRITO                RUA IRMAOS GUINLE,10,CASA 02            EDEN           25545190SAO JOAO DE MERRJ0000000000000000                                        000                            
0010001300009P 010595600000000400378 28877550000003477   10 003477           0712201600000000000959900000 02A0112201610812201600000000000000000000000000000000000000000000000000000000000000000000000000000000000000000034773000000090000000000 
0010001300010Q 011000014379789756PEDRO HENRIQUE SILVA MENEZES            RUA RAUL VALENCA,11                     CACHAMBI       20785160RIO DE JANEIRO RJ0000000000000000                                        000                            
0010001300011P 010595600000000400378 28877550000003478   10 003478           0712201600000000005738400000 02A0112201610812201600000000000000000000000000000000000000000000000000000000000000000000000000000000000000000034783000000090000000000 
0010001300012Q 011000063412535753VERA LUCIA DE OLIVEIRA                  ESTRADA DO OUTEIRO SANTO,330,CASA 09    TAQUARA        22713169RIO DE JANEIRO RJ0000000000000000                                        000                            
00100015         000014                                                                                                                                                                                                                         
00199999         000001000016000000                                                                                                                                                                                                             