00100000         249938327000106002887755001411019  0595600000000400378 UBRASP                        BANCO DO BRASIL S.A.                    12911201613204600000000000000                                                                     
00100011R01  000 2049938327000106002887755001411019  0595600000000400378 UBRASP                                                                                                        000000000000000000000000                                 
0010001300001P 010595600000000400378 28877550000003447   10 003447           0712201600000000007593800000 02A2911201610812201600000000000000000000000000000000000000000000000000000000000000000000000000000000000000000034473000000090000000000 
0010001300002Q 011000039890805715JORGE TEIXEIRA DE AZEVEDO               RUA CABO ROCHA,360,AP 101               BRAS DE PINA   21250110RIO DE JANEIRO RJ0000000000000000                                        000                            
0010001300003P 010595600000000400378 28877550000003448   10 003448           0712201600000000009755800000 02A2911201610812201600000000000000000000000000000000000000000000000000000000000000000000000000000000000000000034483000000090000000000 
0010001300004Q 011000081206674768DARCI FRAGA CARNEIRO                    RUA ATILIO MILANO,33,AP 101 FUNDOS      DEL CASTILHO   21050560RIO DE JANEIRO RJ0000000000000000                                        000                            
0010001300005P 010595600000000400378 28877550000003449   10 003449           0712201600000000011730000000 02A2911201610812201600000000000000000000000000000000000000000000000000000000000000000000000000000000000000000034493000000090000000000 
0010001300006Q 011000005710199788JULIA FREITAS GONCALVES                 RUA PEDRO DOMINGUES,35,BLOCO 01 AP 506  ENCANTADO      20756080RIO DE JANEIRO RJ0000000000000000                                        000                            
0010001300007P 010595600000000400378 28877550000003450   10 003450           0712201600000000003794000000 02A2911201610812201600000000000000000000000000000000000000000000000000000000000000000000000000000000000000000034503000000090000000000 
0010001300008Q 011000004491527741PEDRO JOSE DOS SANTOS                   RUA FARROUPILHA ,1,QUADRA G LOTE 60     VALVERDE       26290768NOVA IGUACU    RJ0000000000000000                                        000                            
0010001300009P 010595600000000400378 28877550000003451   10 003451           0712201600000000015613400000 02A2911201610812201600000000000000000000000000000000000000000000000000000000000000000000000000000000000000000034513000000090000000000 
0010001300010Q 011000043745156749CARLOS ROBERTO GOMES DA SILVA           AVENIDA DE CA,1086,RUA E CASA 16 FUNDOS VILA DA PENHA  21210024RIO DE JANEIRO RJ0000000000000000                                        000                            
0010001300011P 010595600000000400378 28877550000003452   10 003452           0712201600000000001629900000 02A2911201610812201600000000000000000000000000000000000000000000000000000000000000000000000000000000000000000034523000000090000000000 
0010001300012Q 011000009791667721ALINE DO NASCIMENTO THEODORO PEREIRA    RUA JOSE BRAGA,35,A                     TANQUE         22735060RIO DE JANEIRO RJ0000000000000000                                        000                            
0010001300013P 010595600000000400378 28877550000003453   10 003453           0712201600000000002073000000 02A2911201610812201600000000000000000000000000000000000000000000000000000000000000000000000000000000000000000034533000000090000000000 
0010001300014Q 011000013677617782NATASHA BARBOSA BISPO ARSENIO           RUA PARIMA,25                           PARADA DE LUCAS21250430RIO DE JANEIRO RJ0000000000000000                                        000                            
0010001300015P 010595600000000400378 28877550000003454   10 003454           0712201600000000006222200000 02A2911201610812201600000000000000000000000000000000000000000000000000000000000000000000000000000000000000000034543000000090000000000 
0010001300016Q 011000000264825764HENDERSON ALVES DA SILVA                RUA MATEUS SIL,259,BLOCO 04 EN 50 AP 104INHAUMA        20760480RIO DE JANEIRO RJ0000000000000000                                        000                            
0010001300017P 010595600000000400378 28877550000003455   10 003455           0712201600000000013983500000 02A2911201610812201600000000000000000000000000000000000000000000000000000000000000000000000000000000000000000034553000000090000000000 
0010001300018Q 011000048679224715NELSON EVANGELISTA COSTA JUNIOR         RUA QUIRIRIM,760,AP 301                 VILA VALQUEIRE 21330650RIO DE JANEIRO RJ0000000000000000                                        000                            
0010001300019P 010595600000000400378 28877550000003456   10 003456           0712201600000000001841800000 02A2911201610812201600000000000000000000000000000000000000000000000000000000000000000000000000000000000000000034563000000090000000000 
0010001300020Q 011000009643968740EDINA BRAVIN                            RUA TATURANA,334                        VICENTE DE CARV21371110RIO DE JANEIRO RJ0000000000000000                                        000                            
0010001300021P 010595600000000400378 28877550000003457   10 003457           0712201600000000005738400000 02A2911201610812201600000000000000000000000000000000000000000000000000000000000000000000000000000000000000000034573000000090000000000 
0010001300022Q 011000057239410706ALCIR GARCIA                            RUA JORGE AMADO,16,CASA 02              GRADIM         24430750SAO GONCALO    RJ0000000000000000                                        000                            
0010001300023P 010595600000000400378 28877550000003458   10 003458           0712201600000000005738400000 02A2911201610812201600000000000000000000000000000000000000000000000000000000000000000000000000000000000000000034583000000090000000000 
0010001300024Q 011000037586769753FELIX AVERBUG                           AVENIDA NOSSA SENHORA DE COP,583,AP 1213COPACABANA     22050002RIO DE JANEIRO RJ0000000000000000                                        000                            
0010001300025P 010595600000000400378 28877550000003459   10 003459           0712201600000000003111100000 02A2911201610812201600000000000000000000000000000000000000000000000000000000000000000000000000000000000000000034593000000090000000000 
0010001300026Q 011000001033436798CLAUDIO DA SILVA BAPTISTA               RUA ALCEBIADES J. DA COSTA ,3,QUADRA 04 ITABORAI       24800000ITABORAI       RJ0000000000000000                                        000                            
0010001300027P 010595600000000400378 28877550000003460   10 003460           0712201600000000002350900000 02A2911201610812201600000000000000000000000000000000000000000000000000000000000000000000000000000000000000000034603000000090000000000 
0010001300028Q 011000000480635765RAQUEL DO NASCIMENTO PEREIRA            RUA JOSIAS,37,A                         CIDADE DE DEUS 22772520RIO DE JANEIRO RJ0000000000000000                                        000                            
0010001300029P 010595600000000400378 28877550000003461   10 003461           0712201600000000001536900000 02A2911201610812201600000000000000000000000000000000000000000000000000000000000000000000000000000000000000000034613000000090000000000 
0010001300030Q 011000011846719747NATHALIA DO NASCIMENTO                  RUA JOSIAS,37,A                         CIDADE DE DEUS 22772520RIO DE JANEIRO RJ0000000000000000                                        000                            
0010001300031P 010595600000000400378 28877550000003462   10 003462           0712201600000000000959900000 02A2911201610812201600000000000000000000000000000000000000000000000000000000000000000000000000000000000000000034623000000090000000000 
0010001300032Q 011000018006413703VITORIA IZABELLI SOARES DA SILVA        RUA BUENOS AIRES,126                    CENTRO         20070022RIO DE JANEIRO RJ0000000000000000                                        000                            
0010001300033P 010595600000000400378 28877550000003463   10 003463           0712201600000000000959900000 02A2911201610812201600000000000000000000000000000000000000000000000000000000000000000000000000000000000000000034633000000090000000000 
0010001300034Q 011000019228061707GUSTAVO VERISSIMO DOS PRAZERES          TRAVESSA ORQUIDEAS,377                  CIDADE DE DEUS 22775740RIO DE JANEIRO RJ0000000000000000                                        000                            
0010001300035P 010595600000000400378 28877550000003464   10 003464           0712201600000000004776000000 02A2911201610812201600000000000000000000000000000000000000000000000000000000000000000000000000000000000000000034643000000090000000000 
0010001300036Q 011000059281545772MARIZA DA CONCEICAO DA SILVA            RUA SAO FRANCISCO XAVIER,278,AP 809     TIJUCA         20550012RIO DE JANEIRO RJ0000000000000000                                        000                            
0010001300037P 010595600000000400378 28877550000003465   10 003465           0712201600000000001391800000 02A2911201610812201600000000000000000000000000000000000000000000000000000000000000000000000000000000000000000034653000000090000000000 
0010001300038Q 011000009530794738DIANA CRISTINA DA SILVA MESQUITA        AVENIDA ERNANI CARDOSO,67,CASA 33       CASCADURA      21310310RIO DE JANEIRO RJ0000000000000000                                        000                            
0010001300039P 010595600000000400378 28877550000003466   10 003466           0712201600000000001391800000 02A2911201610812201600000000000000000000000000000000000000000000000000000000000000000000000000000000000000000034663000000090000000000 
0010001300040Q 011000003428368460MARIA DO SOCORRO BEZERRA DE MELO        RUA CAROLINA MACHADO,1704,CASA 07       BENTO RIBEIRO  21555290RIO DE JANEIRO RJ0000000000000000                                        000                            
0010001300041P 010595600000000400378 28877550000003467   10 003467           0712201600000000005738400000 02A2911201610812201600000000000000000000000000000000000000000000000000000000000000000000000000000000000000000034673000000090000000000 
0010001300042Q 011000039938557791DENISE DE ABREU SALES                   RUA LINS DE VASCONCELOS,337,AP 301      LINS DE VASCONC20710130RIO DE JANEIRO RJ0000000000000000                                        000                            
00100015         000044                                                                                                                                                                                                                         
00199999         000001000046000000                                                                                                                                                                                                             