00100000         249938327000106002887755001411019  0595600000000400378 UBRASP                        BANCO DO BRASIL S.A.                    10212201613240700000000000000                                                                     
00100011R01  000 2049938327000106002887755001411019  0595600000000400378 UBRASP                                                                                                        000000000000000000000000                                 
0010001300001P 010595600000000400378 28877550000003508   10 003508           0712201600000000002154800000 02A0212201610812201600000000000000000000000000000000000000000000000000000000000000000000000000000000000000000035083000000090000000000 
0010001300002Q 011000003370156784WILLIAN MARQUES LEITE                   RUA HILARIO DE GOUVEIA,88,AP 502        COPACABANA     22040020RIO DE JANEIRO RJ0000000000000000                                        000                            
0010001300003P 010595600000000400378 28877550000003509   10 003509           0712201600000000001442800000 02A0212201610812201600000000000000000000000000000000000000000000000000000000000000000000000000000000000000000035093000000090000000000 
0010001300004Q 011000019559693700ALICE DE OLIVEIRA CASTRO                RUA CARBONITA,113,BLOCO 03 AP 308       BRAS DE PINA   21215210RIO DE JANEIRO RJ0000000000000000                                        000                            
0010001300005P 010595600000000400378 28877550000003510   10 003510           0712201600000000003275800000 02A0212201610812201600000000000000000000000000000000000000000000000000000000000000000000000000000000000000000035103000000090000000000 
0010001300006Q 011000010889599700INGRID PEDREIRA DE OLIVEIRA DOS SANTOS  AVENIDA RONDON - DE 1971 A 2,2045,AP 104SAMPAIO?       20950071RIO DE JANEIRO RJ0000000000000000                                        000                            
00100015         000008                                                                                                                                                                                                                         
00199999         000001000010000000                                                                                                                                                                                                             