00100000         249938327000106002887755001411019  0595600000000400378 UBRASP                        BANCO DO BRASIL S.A.                    10612201617401200000000000000                                                                     
00100011R01  000 2049938327000106002887755001411019  0595600000000400378 UBRASP                                                                                                        000000000000000000000000                                 
0010001300001P 010595600000000400378 28877550000003901   10 003901           1012201600000000001631600000 02A0612201611112201600000000000000000000000000000000000000000000000000000000000000000000000000000000000000000039013000000090000000000 
0010001300002Q 011000019464631759PATRICIA MORAES DA COSTA                RUA HENRIQUE FLEIUSS,477,B CASA 07      TIJUCA         20521260RIO DE JANEIRO RJ0000000000000000                                        000                            
0010001300003P 010595600000000400378 28877550000003902   10 003902           1012201600000000001649800000 02A0612201611112201600000000000000000000000000000000000000000000000000000000000000000000000000000000000000000039023000000090000000000 
0010001300004Q 011000046931031368MARIA DE FATIMA DE SOUSA                RUA EUCLIDES DA ROCHA,673,AP 101        COPACABANA     22031100RIO DE JANEIRO RJ0000000000000000                                        000                            
0010001300005P 010595600000000400378 28877550000003903   10 003903           1012201600000000003609000000 02A0612201611112201600000000000000000000000000000000000000000000000000000000000000000000000000000000000000000039033000000090000000000 
0010001300006Q 011000072202165720MARIA APARECIDA PEREIRA COSTA           AVENIDA - LADO IMPAR,1543,CASA 21       BONSUCESSO?    21061021RIO DE JANEIRO RJ0000000000000000                                        000                            
0010001300007P 010595600000000400378 28877550000003904   10 003904           1012201600000000005738400000 02A0612201611112201600000000000000000000000000000000000000000000000000000000000000000000000000000000000000000039043000000090000000000 
0010001300008Q 011000053551842787SELMA COUTINHO RIBEIRO                  AVENIDA PRESIDENTE VARGAS,542,SALA 506  CENTRO?        20071901RIO DE JANEIRO RJ0000000000000000                                        000                            
0010001300009P 010595600000000400378 28877550000003905   10 003905           1012201600000000006604100000 02A0612201611112201600000000000000000000000000000000000000000000000000000000000000000000000000000000000000000039053000000090000000000 
0010001300010Q 011000038665484787CRISTINA MARIA FERREIRA BASTOS          RUA GODOFREDO VIANA,125,BLOCO 01 AP 304 TAQUARA        22730020RIO DE JANEIRO RJ0000000000000000                                        000                            
0010001300011P 010595600000000400378 28877550000003906   10 003906           1012201600000000001391800000 02A0612201611112201600000000000000000000000000000000000000000000000000000000000000000000000000000000000000000039063000000090000000000 
0010001300012Q 011000029437932808SHIRLEIDE BATISTA MENDES                RUA DO BISPO,94,BLOCO 02 AP 1207        RIO COMPRIDO   20261064RIO DE JANEIRO RJ0000000000000000                                        000                            
0010001300013P 010595600000000400378 28877550000003907   10 003907           1012201600000000009755800000 02A0612201611112201600000000000000000000000000000000000000000000000000000000000000000000000000000000000000000039073000000090000000000 
0010001300014Q 011000056424043772RAIMUNDO DIAS FARIAS                    RUA DOIS,00,LOTE 12 QUADRA B            TAQUARA        25272090DUQUE DE CAXIASRJ0000000000000000                                        000                            
0010001300015P 010595600000000400378 28877550000003908   10 003908           1012201600000000001613700000 02A0612201611112201600000000000000000000000000000000000000000000000000000000000000000000000000000000000000000039083000000090000000000 
0010001300016Q 011000014414954797FABIANO CHAGAS CORDEIRO                 RUA AROAZES,195,AP  906                 JACAREPAGUA    22775060RIO DE JANEIRO RJ0000000000000000                                        000                            
0010001300017P 010595600000000400378 28877550000003909   10 003909           1012201600000000002705700000 02A0612201611112201600000000000000000000000000000000000000000000000000000000000000000000000000000000000000000039093000000090000000000 
0010001300018Q 011000007813895770SILVANI JOSE DE SOUSA                   AVENIDA AUGUSTO SEVERO,292,AP 904       GLORIA         20021040RIO DE JANEIRO RJ0000000000000000                                        000                            
0010001300019P 010595600000000400378 28877550000003910   10 003910           1012201600000000002093700000 02A0612201611112201600000000000000000000000000000000000000000000000000000000000000000000000000000000000000000039103000000090000000000 
0010001300020Q 011000010845469738FILIPE OLIVEIRA DOS REIS                RUA FRANCISCO SA,88,AP 314              COPACABANA     22080010RIO DE JANEIRO RJ0000000000000000                                        000                            
0010001300021P 010595600000000400378 28877550000003911   10 003911           1012201600000000003609000000 02A0612201611112201600000000000000000000000000000000000000000000000000000000000000000000000000000000000000000039113000000090000000000 
0010001300022Q 011000066292794768ROBSON FERREIRA CAMPOS                  RUA DO COUTO,29,BLOCO 1 AP 214          PENHA          21020410RIO DE JANEIRO RJ0000000000000000                                        000                            
0010001300023P 010595600000000400378 28877550000003912   10 003912           1012201600000000005738400000 02A0612201611112201600000000000000000000000000000000000000000000000000000000000000000000000000000000000000000039123000000090000000000 
0010001300024Q 011000060855363720GILDETE NEVES TRAVASSOS                 RUA JESSE,154                           CIDADE DE DEUS 22773350RIO DE JANEIRO RJ0000000000000000                                        000                            
0010001300025P 010595600000000400378 28877550000003913   10 003913           1012201600000000003702300000 02A0612201611112201600000000000000000000000000000000000000000000000000000000000000000000000000000000000000000039133000000090000000000 
0010001300026Q 011000091287502768RODOLFO JOSE DE ALMEIDA CASTELLO BRANCO AVENIDA JULIO FURTADO,111,AP 202        GRAJAU         20561010RIO DE JANEIRO RJ0000000000000000                                        000                            
0010001300027P 010595600000000400378 28877550000003914   10 003914           1012201600000000003219800000 02A0612201611112201600000000000000000000000000000000000000000000000000000000000000000000000000000000000000000039143000000090000000000 
0010001300028Q 011000000350599742ANA CLAUDIA VIEIRA PEREIRA CAMPOS       RUA DO COUTO,29,BLOCO 01 AP 214         PENHA          21020410RIO DE JANEIRO RJ0000000000000000                                        000                            
0010001300029P 010595600000000400378 28877550000003915   10 003915           1012201600000000001403400000 02A0612201611112201600000000000000000000000000000000000000000000000000000000000000000000000000000000000000000039153000000090000000000 
0010001300030Q 011000014456956771THAMIRES BASTOS SILVA                   ESTRADA DE JACAREPAGUA,57,CASA 14 A     ITANHANGA      22753030RIO DE JANEIRO RJ0000000000000000                                        000                            
0010001300031P 010595600000000400378 28877550000003916   10 003916           1012201600000000009755800000 02A0612201611112201600000000000000000000000000000000000000000000000000000000000000000000000000000000000000000039163000000090000000000 
0010001300032Q 011000011686448791PEDRO DA COSTA SANTOS                   RUA JACINTO RABELO,553,CASA             CHACARA FLORA  25635470PETROPOLIS     RJ0000000000000000                                        000                            
0010001300033P 010595600000000400378 28877550000003917   10 003917           1012201600000000001104600000 02A0612201611112201600000000000000000000000000000000000000000000000000000000000000000000000000000000000000000039173000000090000000000 
0010001300034Q 011000016577824762DAVI LUCCA HERMENEGILDO CHAGAS DE SOUZA AVENIDA PERNAMBUCANA,1119,CASA          VILA ROSALI    25510430SAO JOAO DE MERRJ0000000000000000                                        000                            
0010001300035P 010595600000000400378 28877550000003918   10 003918           1012201600000000002209200000 02A0612201611112201600000000000000000000000000000000000000000000000000000000000000000000000000000000000000000039183000000090000000000 
0010001300036Q 011000019495526752SARAH REGINA ALVES DA SILVA             RUA CONEGO BOUCHER PINTO,58,CASA        HONORIO GURGEL 21511290RIO DE JANEIRO RJ0000000000000000                                        000                            
0010001300037P 010595600000000400378 28877550000003919   10 003919           1012201600000000002705700000 02A0612201611112201600000000000000000000000000000000000000000000000000000000000000000000000000000000000000000039193000000090000000000 
0010001300038Q 011000001188959743ANDREA CRUZ OLIVEIRA                    ESTRADA DO QUITUNGO,660,CASA 03         BRAS DE PINA   21215563RIO DE JANEIRO RJ0000000000000000                                        000                            
0010001300039P 010595600000000400378 28877550000003920   10 003920           1012201600000000001104600000 02A0612201611112201600000000000000000000000000000000000000000000000000000000000000000000000000000000000000000039203000000090000000000 
0010001300040Q 011000018260883775ISAAC RODRIGUES OLIVEIRA                RUA MARECHAL MARCIANO,1794,CASA         REALENGO       21721011RIO DE JANEIRO RJ0000000000000000                                        000                            
0010001300041P 010595600000000400378 28877550000003921   10 003921           1012201600000000002705700000 02A0612201611112201600000000000000000000000000000000000000000000000000000000000000000000000000000000000000000039213000000090000000000 
0010001300042Q 011000001855695790ANA PAULA RODRIGUES LOPES OLIVEIRA      RUA MARECHAL MARCIANO,1794,CASA         REALENGO       21721011RIO DE JANEIRO RJ0000000000000000                                        000                            
0010001300043P 010595600000000400378 28877550000003922   10 003922           1012201600000000002705700000 02A0612201611112201600000000000000000000000000000000000000000000000000000000000000000000000000000000000000000039223000000090000000000 
0010001300044Q 011000001160717702MARIA JOSE DIONIZIO DA SILVA            AVENIDA CIDADE DE DE,26,CASA 12 QUADRA 5CIDADE DE DEUS 22773200RIO DE JANEIRO RJ0000000000000000                                        000                            
0010001300045P 010595600000000400378 28877550000003923   10 003923           1012201600000000006604100000 02A0612201611112201600000000000000000000000000000000000000000000000000000000000000000000000000000000000000000039233000000090000000000 
0010001300046Q 011000077101049753VILMA FELIX DA SILVA                    RUA ANA ALVES,64,CASA                   PARQUE SAO NICO25530150SAO JOAO DE MERRJ0000000000000000                                        000                            
0010001300047P 010595600000000400378 28877550000003924   10 003924           1012201600000000002705700000 02A0612201611112201600000000000000000000000000000000000000000000000000000000000000000000000000000000000000000039243000000090000000000 
0010001300048Q 011000091061008720VANUZA DA SILVA GUIMARAES               RUA DONA EUGENIA,17,CASA 03             ENGENHO DE DENT20755300RIO DE JANEIRO RJ0000000000000000                                        000                            
0010001300049P 010595600000000400378 28877550000003925   10 003925           1012201600000000001841800000 02A0612201611112201600000000000000000000000000000000000000000000000000000000000000000000000000000000000000000039253000000090000000000 
0010001300050Q 011000010436518708GLAUCIA SILVA SOARES                    RUA YONE ENNES,36,CASA                  JARDIM MONTE CA26041690NOVA IGUACU    RJ0000000000000000                                        000                            
0010001300051P 010595600000000400378 28877550000003926   10 003926           1012201600000000001104600000 02A0612201611112201600000000000000000000000000000000000000000000000000000000000000000000000000000000000000000039263000000090000000000 
0010001300052Q 011000017383569733LARISSA LOBAO ALVES                     RUA ISIDRO ROCHA,130,LOJA A             VIGARIO GERAL  21241180RIO DE JANEIRO RJ0000000000000000                                        000                            
0010001300053P 010595600000000400378 28877550000003927   10 003927           1012201600000000001417400000 02A0612201611112201600000000000000000000000000000000000000000000000000000000000000000000000000000000000000000039273000000090000000000 
0010001300054Q 011000010318946750LUANNA KARINA DA SILVA                  RUA VAZ LOBO,579                        VAZ LOBO       21361030RIO DE JANEIRO RJ0000000000000000                                        000                            
00100015         000056                                                                                                                                                                                                                         
00199999         000001000058000000                                                                                                                                                                                                             