00100000         249938327000106002887755001411019  0595600000000400378 UBRASP                        BANCO DO BRASIL S.A.                    12209201614205000000000000000                                                                     
00100011R01  000 2049938327000106002887755001411019  0595600000000400378 UBRASP                                                                                                        000000000000000000000000                                 
0010001300001P 010595600000000400378 28877550000002630   10 002630           0710201600000000001631600000 02A2209201610810201600000000000000000000000000000000000000000000000000000000000000000000000000000000000000000026303050000090000000000 
0010001300002Q 011000019464631759PATRICIA MORAES DA COSTA                RUA HENRIQUE FLEIUSS,477,B CASA 07      TIJUCA         20521260RIO DE JANEIRO RJ0000000000000000                                        000                            
0010001300003P 010595600000000400378 28877550000002631   10 002631           0710201600000000001649800000 02A2209201610810201600000000000000000000000000000000000000000000000000000000000000000000000000000000000000000026313050000090000000000 
0010001300004Q 011000046931031368MARIA DE FATIMA DE SOUSA                RUA EUCLIDES DA ROCHA,673,AP 101        COPACABANA     22031100RIO DE JANEIRO RJ0000000000000000                                        000                            
0010001300005P 010595600000000400378 28877550000002632   10 002632           0710201600000000003609000000 02A2209201610810201600000000000000000000000000000000000000000000000000000000000000000000000000000000000000000026323050000090000000000 
0010001300006Q 011000072202165720MARIA APARECIDA PEREIRA COSTA           AVENIDA - LADO IMPAR,1543,CASA 21       BONSUCESSO?    21061021RIO DE JANEIRO RJ0000000000000000                                        000                            
0010001300007P 010595600000000400378 28877550000002633   10 002633           0710201600000000005738400000 02A2209201610810201600000000000000000000000000000000000000000000000000000000000000000000000000000000000000000026333050000090000000000 
0010001300008Q 011000053551842787SELMA COUTINHO RIBEIRO                  AVENIDA VARGAS, 542 ,542,SALA 506       CENTRO?        20071901RIO DE JANEIRO RJ0000000000000000                                        000                            
0010001300009P 010595600000000400378 28877550000002634   10 002634           0710201600000000006604100000 02A2209201610810201600000000000000000000000000000000000000000000000000000000000000000000000000000000000000000026343050000090000000000 
0010001300010Q 011000038665484787CRISTINA MARIA FERREIRA BASTOS          RUA GODOFREDO VIANA,125,BLOCO 01 AP 304 TAQUARA        22730020RIO DE JANEIRO RJ0000000000000000                                        000                            
0010001300011P 010595600000000400378 28877550000002635   10 002635           0710201600000000001391800000 02A2209201610810201600000000000000000000000000000000000000000000000000000000000000000000000000000000000000000026353050000090000000000 
0010001300012Q 011000029437932808SHIRLEIDE BATISTA MENDES                RUA DO BISPO,94,BLOCO 02 AP 1207        RIO COMPRIDO   20261064RIO DE JANEIRO RJ0000000000000000                                        000                            
0010001300013P 010595600000000400378 28877550000002636   10 002636           0710201600000000009755800000 02A2209201610810201600000000000000000000000000000000000000000000000000000000000000000000000000000000000000000026363050000090000000000 
0010001300014Q 011000056424043772RAIMUNDO DIAS FARIAS                    RUA ALBANO,328,CASA 27                  PRACA SECA     22733010RIO DE JANEIRO RJ0000000000000000                                        000                            
0010001300015P 010595600000000400378 28877550000002637   10 002637           0710201600000000001613700000 02A2209201610810201600000000000000000000000000000000000000000000000000000000000000000000000000000000000000000026373050000090000000000 
0010001300016Q 011000014414954797FABIANO CHAGAS CORDEIRO                 RUA AROAZES,195,AP  906                 JACAREPAGUA    22775060RIO DE JANEIRO RJ0000000000000000                                        000                            
0010001300017P 010595600000000400378 28877550000002638   10 002638           0710201600000000002705700000 02A2209201610810201600000000000000000000000000000000000000000000000000000000000000000000000000000000000000000026383050000090000000000 
0010001300018Q 011000007813895770SILVANI JOSE DE SOUSA                   AVENIDA AUGUSTO SEVERO,292,AP 904       GLORIA         20021040RIO DE JANEIRO RJ0000000000000000                                        000                            
0010001300019P 010595600000000400378 28877550000002639   10 002639           0710201600000000002093700000 02A2209201610810201600000000000000000000000000000000000000000000000000000000000000000000000000000000000000000026393050000090000000000 
0010001300020Q 011000010845469738FILIPE OLIVEIRA DOS REIS                RUA FRANCISCO SA,88,AP 314              COPACABANA     22080010RIO DE JANEIRO RJ0000000000000000                                        000                            
0010001300021P 010595600000000400378 28877550000002640   10 002640           0710201600000000003609000000 02A2209201610810201600000000000000000000000000000000000000000000000000000000000000000000000000000000000000000026403050000090000000000 
0010001300022Q 011000066292794768ROBSON FERREIRA CAMPOS                  RUA DO COUTO,29,BLOCO 1 AP 214          PENHA          21020410RIO DE JANEIRO RJ0000000000000000                                        000                            
0010001300023P 010595600000000400378 28877550000002641   10 002641           0710201600000000005738400000 02A2209201610810201600000000000000000000000000000000000000000000000000000000000000000000000000000000000000000026413050000090000000000 
0010001300024Q 011000060855363720GILDETE NEVES TRAVASSOS                 RUA JESSE,154                           CIDADE DE DEUS 22773350RIO DE JANEIRO RJ0000000000000000                                        000                            
0010001300025P 010595600000000400378 28877550000002642   10 002642           0710201600000000003702300000 02A2209201610810201600000000000000000000000000000000000000000000000000000000000000000000000000000000000000000026423050000090000000000 
0010001300026Q 011000091287502768RODOLFO JOSE DE CASTELLO BRANCO         AVENIDA JULIO FURTADO,111,AP 202        GRAJAU         20561010RIO DE JANEIRO RJ0000000000000000                                        000                            
0010001300027P 010595600000000400378 28877550000002643   10 002643           0710201600000000003219800000 02A2209201610810201600000000000000000000000000000000000000000000000000000000000000000000000000000000000000000026433050000090000000000 
0010001300028Q 011000000350599742ANA CLAUDIA VIEIRA PEREIRA CAMPOS       RUA DO COUTO,29,BLOCO 01 AP 214         PENHA          21020410RIO DE JANEIRO RJ0000000000000000                                        000                            
0010001300029P 010595600000000400378 28877550000002644   10 002644           0710201600000000001403400000 02A2209201610810201600000000000000000000000000000000000000000000000000000000000000000000000000000000000000000026443050000090000000000 
0010001300030Q 011000014456956771THAMIRES BASTOS SILVA                   ESTRADA DE JACAREPAGUA,57,CASA 14 A     ITANHANGA      22753030RIO DE JANEIRO RJ0000000000000000                                        000                            
0010001300031P 010595600000000400378 28877550000002645   10 002645           0710201600000000009755800000 02A2209201610810201600000000000000000000000000000000000000000000000000000000000000000000000000000000000000000026453050000090000000000 
0010001300032Q 011000011686448791PEDRO DA COSTA SANTOS                   RUA JACINTO RABELO,553,CASA             CHACARA FLORA  25635470PETROPOLIS     RJ0000000000000000                                        000                            
0010001300033P 010595600000000400378 28877550000002646   10 002646           0710201600000000001104600000 02A2209201610810201600000000000000000000000000000000000000000000000000000000000000000000000000000000000000000026463050000090000000000 
0010001300034Q 011000016577824762DAVI LUCCA HERMENEGILDO CHAGAS DE SOUZA AVENIDA PERNAMBUCANA,1119,CASA          VILA ROSALI    25510430SAO JOAO DE MERRJ0000000000000000                                        000                            
0010001300035P 010595600000000400378 28877550000002647   10 002647           0710201600000000002209200000 02A2209201610810201600000000000000000000000000000000000000000000000000000000000000000000000000000000000000000026473050000090000000000 
0010001300036Q 011000019495526752SARAH REGINA ALVES DA SILVA             RUA CONEGO BOUCHER PINTO,58,CASA        HONORIO GURGEL 21511290RIO DE JANEIRO RJ0000000000000000                                        000                            
0010001300037P 010595600000000400378 28877550000002648   10 002648           0710201600000000002705700000 02A2209201610810201600000000000000000000000000000000000000000000000000000000000000000000000000000000000000000026483050000090000000000 
0010001300038Q 011000001188959743ANDREA CRUZ OLIVEIRA                    ESTRADA DO QUITUNGO,660,CASA 03         BRAS DE PINA   21215563RIO DE JANEIRO RJ0000000000000000                                        000                            
0010001300039P 010595600000000400378 28877550000002649   10 002649           0710201600000000001104600000 02A2209201610810201600000000000000000000000000000000000000000000000000000000000000000000000000000000000000000026493050000090000000000 
0010001300040Q 011000018260883775ISAAC RODRIGUES OLIVEIRA                RUA MARECHAL MARCIANO,1794,CASA         REALENGO       21721011RIO DE JANEIRO RJ0000000000000000                                        000                            
0010001300041P 010595600000000400378 28877550000002650   10 002650           0710201600000000002705700000 02A2209201610810201600000000000000000000000000000000000000000000000000000000000000000000000000000000000000000026503050000090000000000 
0010001300042Q 011000001855695790ANA PAULA RODRIGUES LOPES OLIVEIRA      RUA MARECHAL MARCIANO,1794,CASA         REALENGO       21721011RIO DE JANEIRO RJ0000000000000000                                        000                            
0010001300043P 010595600000000400378 28877550000002651   10 002651           0710201600000000002705700000 02A2209201610810201600000000000000000000000000000000000000000000000000000000000000000000000000000000000000000026513050000090000000000 
0010001300044Q 011000001160717702MARIA JOSE DIONIZIO DA SILVA            AVENIDA CIDADE DE DE,26,CASA 12 QUADRA 5CIDADE DE DEUS 22773200RIO DE JANEIRO RJ0000000000000000                                        000                            
00100015         000046                                                                                                                                                                                                                         
00199999         000001000048000000                                                                                                                                                                                                             