00100000         249938327000106002887755001411019  0595600000000400378 UBRASP                        BANCO DO BRASIL S.A.                    12507201617481800000000000000                                                                     
00100011R01  000 2049938327000106002887755001411019  0595600000000400378 UBRASP                                                                                                        000000000000000000000000                                 
0010001300001P 010595600000000400378 0000000000000000000010 00707            0709201600000000002705700000 02A2507201610809201600000000000000000000000000000000000000000000000000000000000000000000000000000000000000000007072050000090000000000 
0010001300002Q 011000000057968730HILCILENE SANTIAGO DE SOUZA             RUA QUIRIRIM,1101,BLOCO 02 AP 807       VILA VALQUEIRE 21330650RIO DE JANEIRO RJ0000000000000000                                        000                            
0010001300003P 010595600000000400378 0000000000000000000010 00708            0709201600000000002073000000 02A2507201610809201600000000000000000000000000000000000000000000000000000000000000000000000000000000000000000007082050000090000000000 
0010001300004Q 011000013979764702CHRISTOPHER DAUZACKER CREINDEL          RUA EMMANUEL PEREIRA DAS NEVES ,194,CASAPIRATININGA    24358170NITEROI        RJ0000000000000000                                        000                            
0010001300005P 010595600000000400378 0000000000000000000010 00709            0709201600000000002508000000 02A2507201610809201600000000000000000000000000000000000000000000000000000000000000000000000000000000000000000007092050000090000000000 
0010001300006Q 011000013676894731MIKAELA GAMELEIRA FRANCISCO             RUA SENADOR DANTAS,71,COBERTURA 03      CENTRO         20031202RIO DE JANEIRO RJ0000000000000000                                        000                            
0010001300007P 010595600000000400378 0000000000000000000010 00710            0709201600000000006604100000 02A2507201610809201600000000000000000000000000000000000000000000000000000000000000000000000000000000000000000007102050000090000000000 
0010001300008Q 011000013212486449NADJA DA COSTA MORAIS                   RUA NAUTICA,73,302                      COCOTA         21910350RIO DE JANEIRO RJ0000000000000000                                        000                            
0010001300009P 010595600000000400378 0000000000000000000010 00705            0709201600000000001270200000 02A2507201610809201600000000000000000000000000000000000000000000000000000000000000000000000000000000000000000007052050000090000000000 
0010001300010Q 011000019340339797JULIA SANTOS DE OLIVEIRA CARVALHO       RUA CACEQUI,140,CASA 01                 BRAS DE PINA   21210760RIO DE JANEIRO RJ0000000000000000                                        000                            
0010001300011P 010595600000000400378 0000000000000000000010 00706            0709201600000000001104600000 02A2507201610809201600000000000000000000000000000000000000000000000000000000000000000000000000000000000000000007062050000090000000000 
0010001300012Q 011000013974581600ANNA BEATRIZ CELERGE  BARROSO NEVES     RUA ALMEIDA REIS,23,FUNDOS              CAVALCANTI     21370290RIO DE JANEIRO RJ0000000000000000                                        000                            
0010001300013P 010595600000000400378 0000000000000000000010 00711            0709201600000000007593800000 02A2507201610809201600000000000000000000000000000000000000000000000000000000000000000000000000000000000000000007112050000090000000000 
0010001300014Q 011000026328348720RICARDO FONTA CRUZ                      RUA ALVARO RAMOS,89,AP 104              BOTAFOGO       22280110RIO DE JANEIRO RJ0000000000000000                                        000                            
0010001300015P 010595600000000400378 0000000000000000000010 00712            0709201600000000001536900000 02A2507201610809201600000000000000000000000000000000000000000000000000000000000000000000000000000000000000000007122050000090000000000 
0010001300016Q 011000012536273717NATHALIA CRISTINA GUILHERMINO GUIMARAES RUA BORJA REIS,1255,BLOCO 8 AP 304      ENGENHO DE DENT20745100RIO DE JANEIRO RJ0000000000000000                                        000                            
0010001300017P 010595600000000400378 0000000000000000000010 00713            0708201600000000001536900000 02A2507201610808201600000000000000000000000000000000000000000000000000000000000000000000000000000000000000000007132050000090000000000 
0010001300018Q 011000016514577784ELLEN ESTEFANIA SILVA RODRIGUES         RUA COMENDADOR PINTO,527,CASA 10        CAMPINHO       21341370RIO DE JANEIRO RJ0000000000000000                                        000                            
0010001300019P 010595600000000400378 0000000000000000000010 00714            0709201600000000001536900000 02A2507201610809201600000000000000000000000000000000000000000000000000000000000000000000000000000000000000000007142050000090000000000 
0010001300020Q 011000016514577784ELLEN ESTEFANIA SILVA RODRIGUES         RUA COMENDADOR PINTO,527,CASA 10        CAMPINHO       21341370RIO DE JANEIRO RJ0000000000000000                                        000                            
0010001300021P 010595600000000400378 0000000000000000000010 00715            0708201600000000002705700000 02A2507201610808201600000000000000000000000000000000000000000000000000000000000000000000000000000000000000000007152050000090000000000 
0010001300022Q 011000000287243729MARIA DAS GRACAS DOS SANTOS BASTOS      RUA CACU,150,RUA J                      TAQUARA        22710074RIO DE JANEIRO RJ0000000000000000                                        000                            
0010001300023P 010595600000000400378 0000000000000000000010 00716            0709201600000000002705700000 02A2507201610809201600000000000000000000000000000000000000000000000000000000000000000000000000000000000000000007162050000090000000000 
0010001300024Q 011000000287243729MARIA DAS GRACAS DOS SANTOS BASTOS      RUA CACU,150,RUA J                      TAQUARA        22710074RIO DE JANEIRO RJ0000000000000000                                        000                            
0010001300025P 010595600000000400378 0000000000000000000010 00717            0708201600000000003725300000 02A2507201610808201600000000000000000000000000000000000000000000000000000000000000000000000000000000000000000007172050000090000000000 
0010001300026Q 011000011248686748ALINE CRISTINA DA SILVA BARBOSA         AVENIDA PAST,6400,BLOCO 01 GR 12 AP 1208VICENTE DE CARV21220301RIO DE JANEIRO RJ0000000000000000                                        000                            
0010001300027P 010595600000000400378 0000000000000000000010 00718            0709201600000000003725300000 02A2507201610809201600000000000000000000000000000000000000000000000000000000000000000000000000000000000000000007182050000090000000000 
0010001300028Q 011000011248686748ALINE CRISTINA DA SILVA BARBOSA         AVENIDA PAST,6400,BLOCO 01 GR 12 AP 1208VICENTE DE CARV21220301RIO DE JANEIRO RJ0000000000000000                                        000                            
0010001300029P 010595600000000400378 0000000000000000000010 00719            0708201600000000002093700000 02A2507201610808201600000000000000000000000000000000000000000000000000000000000000000000000000000000000000000007192050000090000000000 
0010001300030Q 011000010579937780ADRIANA MAYARA VIANA DE SOUZA           ESTRADA DO TAQUARAL,0,TRAVESSA 7 CASA 2 BANGU          21843000RIO DE JANEIRO RJ0000000000000000                                        000                            
0010001300031P 010595600000000400378 0000000000000000000010 00720            0709201600000000002093700000 02A2507201610809201600000000000000000000000000000000000000000000000000000000000000000000000000000000000000000007202050000090000000000 
0010001300032Q 011000010579937780ADRIANA MAYARA VIANA DE SOUZA           ESTRADA DO TAQUARAL,0,TRAVESSA 7 CASA 2 BANGU          21843000RIO DE JANEIRO RJ0000000000000000                                        000                            
0010001300033P 010595600000000400378 0000000000000000000010 00721            0708201600000000001613700000 02A2507201610808201600000000000000000000000000000000000000000000000000000000000000000000000000000000000000000007212050000090000000000 
0010001300034Q 011000014035854743JONATHAN FERNANDES DE AGUIAR            ESTRADA ALMIRANT,1,EN 1 BLOCO 03 AP 507 BARROS FILHO   21665210RIO DE JANEIRO RJ0000000000000000                                        000                            
0010001300035P 010595600000000400378 0000000000000000000010 00722            0709201600000000001613700000 02A2507201610809201600000000000000000000000000000000000000000000000000000000000000000000000000000000000000000007222050000090000000000 
0010001300036Q 011000014035854743JONATHAN FERNANDES DE AGUIAR            ESTRADA ALMIRANT,1,EN 1 BLOCO 03 AP 507 BARROS FILHO   21665210RIO DE JANEIRO RJ0000000000000000                                        000                            
0010001300037P 010595600000000400378 0000000000000000000010 00723            0708201600000000001629900000 02A2507201610808201600000000000000000000000000000000000000000000000000000000000000000000000000000000000000000007232050000090000000000 
0010001300038Q 011000010744246709LEILA CRISTINA DE OLIVEIRA CORREA       ESTRADA DO OUTEIRO SANTO,509,CASA 30    TAQUARA        22713169RIO DE JANEIRO RJ0000000000000000                                        000                            
0010001300039P 010595600000000400378 0000000000000000000010 00724            0709201600000000001629900000 02A2507201610809201600000000000000000000000000000000000000000000000000000000000000000000000000000000000000000007242050000090000000000 
0010001300040Q 011000010744246709LEILA CRISTINA DE OLIVEIRA CORREA       ESTRADA DO OUTEIRO SANTO,509,CASA 30    TAQUARA        22713169RIO DE JANEIRO RJ0000000000000000                                        000                            
0010001300041P 010595600000000400378 0000000000000000000010 00725            0708201600000000001104600000 02A2507201610808201600000000000000000000000000000000000000000000000000000000000000000000000000000000000000000007252050000090000000000 
0010001300042Q 011000018599042700ANNA CLARA BATISTA SILVA DE SOUZA       RUA CORURIPE,360,AP 201                 MARECHAL HERMES21555490RIO DE JANEIRO RJ0000000000000000                                        000                            
0010001300043P 010595600000000400378 0000000000000000000010 00726            0709201600000000001104600000 02A2507201610809201600000000000000000000000000000000000000000000000000000000000000000000000000000000000000000007262050000090000000000 
0010001300044Q 011000018599042700ANNA CLARA BATISTA SILVA DE SOUZA       RUA CORURIPE,360,AP 201                 MARECHAL HERMES21555490RIO DE JANEIRO RJ0000000000000000                                        000                            
0010001300045P 010595600000000400378 0000000000000000000010 00727            0708201600000000001601700000 02A2507201610808201600000000000000000000000000000000000000000000000000000000000000000000000000000000000000000007272050000090000000000 
0010001300046Q 011000010245857788ANDERSON JOSE DA SILVA                  RUA BUENOS AIRES,126                    CENTRO         20070022RIO DE JANEIRO RJ0000000000000000                                        000                            
0010001300047P 010595600000000400378 0000000000000000000010 00728            0709201600000000001601700000 02A2507201610809201600000000000000000000000000000000000000000000000000000000000000000000000000000000000000000007282050000090000000000 
0010001300048Q 011000010245857788ANDERSON JOSE DA SILVA                  RUA BUENOS AIRES,126                    CENTRO         20070022RIO DE JANEIRO RJ0000000000000000                                        000                            
0010001300049P 010595600000000400378 0000000000000000000010 00729            0708201600000000006604100000 02A2507201610808201600000000000000000000000000000000000000000000000000000000000000000000000000000000000000000007292050000090000000000 
0010001300050Q 011000043988911704ELIANA MARQUES SANTOS DA SILVA          RUA CORURIPE,360,AP 201                 MARECHAL HERMES21555490RIO DE JANEIRO RJ0000000000000000                                        000                            
0010001300051P 010595600000000400378 0000000000000000000010 00730            0709201600000000006604100000 02A2507201610809201600000000000000000000000000000000000000000000000000000000000000000000000000000000000000000007302050000090000000000 
0010001300052Q 011000043988911704ELIANA MARQUES SANTOS DA SILVA          RUA CORURIPE,360,AP 201                 MARECHAL HERMES21555490RIO DE JANEIRO RJ0000000000000000                                        000                            
0010001300053P 010595600000000400378 0000000000000000000010 00731            0708201600000000004153500000 02A2507201610808201600000000000000000000000000000000000000000000000000000000000000000000000000000000000000000007312050000090000000000 
0010001300054Q 011000076892964753REGINA DE FATIMA LUZ                    RUA CORURIPE,360,AP 201                 MARECHAL HERMES21555490RIO DE JANEIRO RJ0000000000000000                                        000                            
0010001300055P 010595600000000400378 0000000000000000000010 00732            0709201600000000004153500000 02A2507201610809201600000000000000000000000000000000000000000000000000000000000000000000000000000000000000000007322050000090000000000 
0010001300056Q 011000076892964753REGINA DE FATIMA LUZ                    RUA CORURIPE,360,AP 201                 MARECHAL HERMES21555490RIO DE JANEIRO RJ0000000000000000                                        000                            
0010001300057P 010595600000000400378 0000000000000000000010 00733            0708201600000000004153500000 02A2507201610808201600000000000000000000000000000000000000000000000000000000000000000000000000000000000000000007332050000090000000000 
0010001300058Q 011000084806168734HEITOR SANTOS ALMADA FILHO              RUA JUIZ JORGE SALOMAO,125              ENGENHO NOVO   20950360RIO DE JANEIRO RJ0000000000000000                                        000                            
0010001300059P 010595600000000400378 0000000000000000000010 00734            0709201600000000004153500000 02A2507201610809201600000000000000000000000000000000000000000000000000000000000000000000000000000000000000000007342050000090000000000 
0010001300060Q 011000084806168734HEITOR SANTOS ALMADA FILHO              RUA JUIZ JORGE SALOMAO,125              ENGENHO NOVO   20950360RIO DE JANEIRO RJ0000000000000000                                        000                            
0010001300061P 010595600000000400378 0000000000000000000010 00735            0708201600000000007373300000 02A2507201610808201600000000000000000000000000000000000000000000000000000000000000000000000000000000000000000007352050000090000000000 
0010001300062Q 011000010819922714VERA LUCIA GONCALVES DE LIMA MATTOS     RUA MARIA AMALIA,43,AP 201              TIJUCA         20510130RIO DE JANEIRO RJ0000000000000000                                        000                            
0010001300063P 010595600000000400378 0000000000000000000010 00736            0709201600000000007373300000 02A2507201610809201600000000000000000000000000000000000000000000000000000000000000000000000000000000000000000007362050000090000000000 
0010001300064Q 011000010819922714VERA LUCIA GONCALVES DE LIMA MATTOS     RUA MARIA AMALIA,43,AP 201              TIJUCA         20510130RIO DE JANEIRO RJ0000000000000000                                        000                            
0010001300065P 010595600000000400378 0000000000000000000010 00737            0708201600000000006604100000 02A2507201610808201600000000000000000000000000000000000000000000000000000000000000000000000000000000000000000007372050000090000000000 
0010001300066Q 011000043880533768SILVIO JORGE NASCIMENTO DE OLIVEIRA     RUA ROBERTO DIAS LOPES,100,AP 910       LEME           22010110RIO DE JANEIRO RJ0000000000000000                                        000                            
0010001300067P 010595600000000400378 0000000000000000000010 00738            0709201600000000006604100000 02A2507201610809201600000000000000000000000000000000000000000000000000000000000000000000000000000000000000000007382050000090000000000 
0010001300068Q 011000043880533768SILVIO JORGE NASCIMENTO DE OLIVEIRA     RUA ROBERTO DIAS LOPES,100,AP 910       LEME           22010110RIO DE JANEIRO RJ0000000000000000                                        000                            
0010001300069P 010595600000000400378 0000000000000000000010 00739            0708201600000000001417400000 02A2507201610808201600000000000000000000000000000000000000000000000000000000000000000000000000000000000000000007392050000090000000000 
0010001300070Q 011000009638639750SAMIA RAFAELA OLIVEIRA DA SILVA         RUA BUENOS AIRES,126                    CENTRO         20070022RIO DE JANEIRO RJ0000000000000000                                        000                            
0010001300071P 010595600000000400378 0000000000000000000010 00740            0709201600000000001417400000 02A2507201610809201600000000000000000000000000000000000000000000000000000000000000000000000000000000000000000007402050000090000000000 
0010001300072Q 011000009638639750SAMIA RAFAELA OLIVEIRA DA SILVA         RUA BUENOS AIRES,126                    CENTRO         20070022RIO DE JANEIRO RJ0000000000000000                                        000                            
0010001300073P 010595600000000400378 0000000000000000000010 00741            0708201600000000001104600000 02A2507201610808201600000000000000000000000000000000000000000000000000000000000000000000000000000000000000000007412050000090000000000 
0010001300074Q 011000015402978700GIOVANNA BAHIA DA SILVA                 RUA UANAPU,100                          OLARIA         21071320RIO DE JANEIRO RJ0000000000000000                                        000                            
0010001300075P 010595600000000400378 0000000000000000000010 00742            0709201600000000001104600000 02A2507201610809201600000000000000000000000000000000000000000000000000000000000000000000000000000000000000000007422050000090000000000 
0010001300076Q 011000015402978700GIOVANNA BAHIA DA SILVA                 RUA UANAPU,100                          OLARIA         21071320RIO DE JANEIRO RJ0000000000000000                                        000                            
0010001300077P 010595600000000400378 0000000000000000000010 00743            0708201600000000001841800000 02A2507201610808201600000000000000000000000000000000000000000000000000000000000000000000000000000000000000000007432050000090000000000 
0010001300078Q 011000005399186799ANDREZA RODRIGUES                       ESTRADA DO ENGENHO NOVO,99,B CASA 02    REALENGO       21730320RIO DE JANEIRO RJ0000000000000000                                        000                            
0010001300079P 010595600000000400378 0000000000000000000010 00744            0709201600000000001841800000 02A2507201610809201600000000000000000000000000000000000000000000000000000000000000000000000000000000000000000007442050000090000000000 
0010001300080Q 011000005399186799ANDREZA RODRIGUES                       ESTRADA DO ENGENHO NOVO,99,B CASA 02    REALENGO       21730320RIO DE JANEIRO RJ0000000000000000                                        000                            
0010001300081P 010595600000000400378 0000000000000000000010 00745            0708201600000000006135600000 02A2507201610808201600000000000000000000000000000000000000000000000000000000000000000000000000000000000000000007452050000090000000000 
0010001300082Q 011000053590252715JOSE MARTINS MELO                       ESTRADA DO PORTO VEL,545,BLOCO 09 AP 104CORDOVIL       21012140RIO DE JANEIRO RJ0000000000000000                                        000                            
0010001300083P 010595600000000400378 0000000000000000000010 00746            0709201600000000006135600000 02A2507201610809201600000000000000000000000000000000000000000000000000000000000000000000000000000000000000000007462050000090000000000 
0010001300084Q 011000053590252715JOSE MARTINS MELO                       ESTRADA DO PORTO VEL,545,BLOCO 09 AP 104CORDOVIL       21012140RIO DE JANEIRO RJ0000000000000000                                        000                            
0010001300085P 010595600000000400378 0000000000000000000010 00747            0708201600000000002705700000 02A2507201610808201600000000000000000000000000000000000000000000000000000000000000000000000000000000000000000007472050000090000000000 
0010001300086Q 011000000222641592CLOVIS PEREIRA DA SILVA                 RUA ITAPIRU,1470,AP 203                 RIO COMPRIDO   20251030RIO DE JANEIRO RJ0000000000000000                                        000                            
0010001300087P 010595600000000400378 0000000000000000000010 00748            0709201600000000002705700000 02A2507201610809201600000000000000000000000000000000000000000000000000000000000000000000000000000000000000000007482050000090000000000 
0010001300088Q 011000000222641592CLOVIS PEREIRA DA SILVA                 RUA ITAPIRU,1470,AP 203                 RIO COMPRIDO   20251030RIO DE JANEIRO RJ0000000000000000                                        000                            
0010001300089P 010595600000000400378 0000000000000000000010 00749            0708201600000000006135600000 02A2507201610808201600000000000000000000000000000000000000000000000000000000000000000000000000000000000000000007492050000090000000000 
0010001300090Q 011000070221197753MARLI MARQUES PEREIRA                   AVENIDA NOSSA SENHORA DE COPA,876,AP 702COPACABANA     22060002RIO DE JANEIRO RJ0000000000000000                                        000                            
0010001300091P 010595600000000400378 0000000000000000000010 00750            0709201600000000006135600000 02A2507201610809201600000000000000000000000000000000000000000000000000000000000000000000000000000000000000000007502050000090000000000 
0010001300092Q 011000070221197753MARLI MARQUES PEREIRA                   AVENIDA NOSSA SENHORA DE COPA,876,AP 702COPACABANA     22060002RIO DE JANEIRO RJ0000000000000000                                        000                            
0010001300093P 010595600000000400378 0000000000000000000010 00751            0708201600000000001649800000 02A2507201610808201600000000000000000000000000000000000000000000000000000000000000000000000000000000000000000007512050000090000000000 
0010001300094Q 011000002602701726LEONARDO CARVALHO SALES                 RUA CORURIPE,360,AP 201                 MARECHAL HERMES21555490RIO DE JANEIRO RJ0000000000000000                                        000                            
0010001300095P 010595600000000400378 0000000000000000000010 00752            0709201600000000001649800000 02A2507201610809201600000000000000000000000000000000000000000000000000000000000000000000000000000000000000000007522050000090000000000 
0010001300096Q 011000002602701726LEONARDO CARVALHO SALES                 RUA CORURIPE,360,AP 201                 MARECHAL HERMES21555490RIO DE JANEIRO RJ0000000000000000                                        000                            
0010001300097P 010595600000000400378 0000000000000000000010 00753            0708201600000000002436900000 02A2507201610808201600000000000000000000000000000000000000000000000000000000000000000000000000000000000000000007532050000090000000000 
0010001300098Q 011000005319598726LUIS PAULO BARBOSA DE PAULA             RUA CONEGO TOBIAS,220                   MEIER          20725010RIO DE JANEIRO RJ0000000000000000                                        000                            
0010001300099P 010595600000000400378 0000000000000000000010 00754            0709201600000000002436900000 02A2507201610809201600000000000000000000000000000000000000000000000000000000000000000000000000000000000000000007542050000090000000000 
0010001300100Q 011000005319598726LUIS PAULO BARBOSA DE PAULA             RUA CONEGO TOBIAS,220                   MEIER          20725010RIO DE JANEIRO RJ0000000000000000                                        000                            
0010001300101P 010595600000000400378 0000000000000000000010 00755            0708201600000000006604100000 02A2507201610808201600000000000000000000000000000000000000000000000000000000000000000000000000000000000000000007552050000090000000000 
0010001300102Q 011000032537212720MARIA TEREZA DA COSTA                   RUA DOUTOR SA EARP,645,B                MORIN          25625073PETROPOLIS     RJ0000000000000000                                        000                            
0010001300103P 010595600000000400378 0000000000000000000010 00756            0709201600000000006604100000 02A2507201610809201600000000000000000000000000000000000000000000000000000000000000000000000000000000000000000007562050000090000000000 
0010001300104Q 011000032537212720MARIA TEREZA DA COSTA                   RUA DOUTOR SA EARP,645,B                MORIN          25625073PETROPOLIS     RJ0000000000000000                                        000                            
0010001300105P 010595600000000400378 0000000000000000000010 00757            0708201600000000006604100000 02A2507201610808201600000000000000000000000000000000000000000000000000000000000000000000000000000000000000000007572050000090000000000 
0010001300106Q 011000038909634715ATANIZIA CARDOSO BISPO                  RUA DO RESENDE,113,CASA 40 AP 201       CENTRO         20231091RIO DE JANEIRO RJ0000000000000000                                        000                            
0010001300107P 010595600000000400378 0000000000000000000010 00758            0709201600000000006604100000 02A2507201610809201600000000000000000000000000000000000000000000000000000000000000000000000000000000000000000007582050000090000000000 
0010001300108Q 011000038909634715ATANIZIA CARDOSO BISPO                  RUA DO RESENDE,113,CASA 40 AP 201       CENTRO         20231091RIO DE JANEIRO RJ0000000000000000                                        000                            
0010001300109P 010595600000000400378 0000000000000000000010 00759            0708201600000000007593800000 02A2507201610808201600000000000000000000000000000000000000000000000000000000000000000000000000000000000000000007592050000090000000000 
0010001300110Q 011000043226540700CECILIA DA CONCEICAO ALVES DA SILVA     RUA VILELA TAVARES,181,AP 504           MEIER          20725220RIO DE JANEIRO RJ0000000000000000                                        000                            
0010001300111P 010595600000000400378 0000000000000000000010 00760            0709201600000000007593800000 02A2507201610809201600000000000000000000000000000000000000000000000000000000000000000000000000000000000000000007602050000090000000000 
0010001300112Q 011000043226540700CECILIA DA CONCEICAO ALVES DA SILVA     RUA VILELA TAVARES,181,AP 504           MEIER          20725220RIO DE JANEIRO RJ0000000000000000                                        000                            
0010001300113P 010595600000000400378 0000000000000000000010 00761            0708201600000000002540400000 02A2507201610808201600000000000000000000000000000000000000000000000000000000000000000000000000000000000000000007612050000090000000000 
0010001300114Q 011000015955447717ANNA KLARA DE SAMPAIO TEIXEIRA CRUZ     RUA PIRAQUARA,879,BLOCO 01 AP 105       REALENGO       21755270RIO DE JANEIRO RJ0000000000000000                                        000                            
0010001300115P 010595600000000400378 0000000000000000000010 00762            0709201600000000002540400000 02A2507201610809201600000000000000000000000000000000000000000000000000000000000000000000000000000000000000000007622050000090000000000 
0010001300116Q 011000015955447717ANNA KLARA DE SAMPAIO TEIXEIRA CRUZ     RUA PIRAQUARA,879,BLOCO 01 AP 105       REALENGO       21755270RIO DE JANEIRO RJ0000000000000000                                        000                            
0010001300117P 010595600000000400378 0000000000000000000010 00763            0708201600000000001841800000 02A2507201610808201600000000000000000000000000000000000000000000000000000000000000000000000000000000000000000007632050000090000000000 
0010001300118Q 011000007823708701MARCIO FIGUEIREDO DA SILVA              RUA MARTINS PENA,69,BLOCO 01 AP 302     TIJUCA         20270270RIO DE JANEIRO RJ0000000000000000                                        000                            
0010001300119P 010595600000000400378 0000000000000000000010 00764            0709201600000000001841800000 02A2507201610809201600000000000000000000000000000000000000000000000000000000000000000000000000000000000000000007642050000090000000000 
0010001300120Q 011000007823708701MARCIO FIGUEIREDO DA SILVA              RUA MARTINS PENA,69,BLOCO 01 AP 302     TIJUCA         20270270RIO DE JANEIRO RJ0000000000000000                                        000                            
0010001300121P 010595600000000400378 0000000000000000000010 00765            0708201600000000002209200000 02A2507201610808201600000000000000000000000000000000000000000000000000000000000000000000000000000000000000000007652050000090000000000 
0010001300122Q 011000015013938716CAROLINA SANTOS MENDES                  PRACA MALVINO REIS,38,B SOBRADO         GRAJAU         20561040RIO DE JANEIRO RJ0000000000000000                                        000                            
0010001300123P 010595600000000400378 0000000000000000000010 00766            0709201600000000002209200000 02A2507201610809201600000000000000000000000000000000000000000000000000000000000000000000000000000000000000000007662050000090000000000 
0010001300124Q 011000015013938716CAROLINA SANTOS MENDES                  PRACA MALVINO REIS,38,B SOBRADO         GRAJAU         20561040RIO DE JANEIRO RJ0000000000000000                                        000                            
0010001300125P 010595600000000400378 0000000000000000000010 00767            0708201600000000002209200000 02A2507201610808201600000000000000000000000000000000000000000000000000000000000000000000000000000000000000000007672050000090000000000 
0010001300126Q 011000017873756769MARIA BEATRIZ SANTORO BRANCO            RUA HOMEM - DE 551/552 AO FIM,830,CASA  VILA ISABEL?   20551075RIO DE JANEIRO RJ0000000000000000                                        000                            
0010001300127P 010595600000000400378 0000000000000000000010 00768            0709201600000000002209200000 02A2507201610809201600000000000000000000000000000000000000000000000000000000000000000000000000000000000000000007682050000090000000000 
0010001300128Q 011000017873756769MARIA BEATRIZ SANTORO BRANCO            RUA HOMEM - DE 551/552 AO FIM,830,CASA  VILA ISABEL?   20551075RIO DE JANEIRO RJ0000000000000000                                        000                            
0010001300129P 010595600000000400378 0000000000000000000010 00769            0708201600000000001104600000 02A2507201610808201600000000000000000000000000000000000000000000000000000000000000000000000000000000000000000007692050000090000000000 
0010001300130Q 011000015398444719NIKOLE SOUZA SILVA                      RUA UANAPU,65,CASA                      OLARIA         21071320RIO DE JANEIRO RJ0000000000000000                                        000                            
0010001300131P 010595600000000400378 0000000000000000000010 00770            0709201600000000001104600000 02A2507201610809201600000000000000000000000000000000000000000000000000000000000000000000000000000000000000000007702050000090000000000 
0010001300132Q 011000015398444719NIKOLE SOUZA SILVA                      RUA UANAPU,65,CASA                      OLARIA         21071320RIO DE JANEIRO RJ0000000000000000                                        000                            
0010001300133P 010595600000000400378 0000000000000000000010 00771            0708201600000000001104600000 02A2507201610808201600000000000000000000000000000000000000000000000000000000000000000000000000000000000000000007712050000090000000000 
0010001300134Q 011000019303896718LUIS FELIPE PORTO DA SILVA              ESTRADA SAO PEDRO DE ALCANTA,513,CASA 04DEODORO        21615310RIO DE JANEIRO RJ0000000000000000                                        000                            
0010001300135P 010595600000000400378 0000000000000000000010 00772            0709201600000000001104600000 02A2507201610809201600000000000000000000000000000000000000000000000000000000000000000000000000000000000000000007722050000090000000000 
0010001300136Q 011000019303896718LUIS FELIPE PORTO DA SILVA              ESTRADA SAO PEDRO DE ALCANTA,513,CASA 04DEODORO        21615310RIO DE JANEIRO RJ0000000000000000                                        000                            
00100015         000138                                                                                                                                                                                                                         
00199999         000001000140000000                                                                                                                                                                                                             