03300000        2049938327000106000100001201344                         UBRASP - UNIAO BRASILEIRA     Banco Santander                         109112016      000004040                                                                          
03300011R01  030 2049938327000106                    000100001201344     UBRASP - UNIAO BRASILEIRA                                                                                     0000000109112016                                         
0330001300001P 010001001301476520130147652  0000000033740511  0000000000033742111201600000000000050000000 02N091120163000000000000000000000000000000000000000000000000000000000000000000000000000000000000000000000000003374000300000           
0330001300002Q 011000099974584868GERALDO SAMPAIO MAGALHAES               R FLORIANO PEIXOTO 1027                 JD SAO LUIZ    08528330F VASCONCELOS  SP0000000000000000                                        000000000000                   
03300015         000004                                                                                                                                                                                                                         
03399999         000001000006                                                                                                                                                                                                                   