00100000         249938327000106002887755001417019  0595600000000400378 UBRASP                        BANCO DO BRASIL S.A.                    12010201613054700000000000000                                                                     
00100011R01  000 2049938327000106002887755001417019  0595600000000400378 UBRASP                                                                                                        000000000000000000000000                                 
0010001300001P 010595600000000400378 28877550000002990   10 002990           29112016000000001.6724900000 02A1910201613011201600000000000000000000000000000000000000000000000000000000000000000000000000000000000000000029903050000090000000000 
0010001300002Q 011000099974584868GERALDO SAMPAIO MAGALHAES               R FLORIANO PEIXOTO 1027                 JD SAO LUIZ    08528330F VASCONCELOS  SP0000000000000000                                        000                            
00100015         000004                                                                                                                                                                                                                         
00199999         000001000006000000                                                                                                                                                                                                             